%YAML 1.1
%TAG !u! tag:unity3d.com,2011:
--- !u!1 &377929503302557997
GameObject:
  m_ObjectHideFlags: 0
  m_CorrespondingSourceObject: {fileID: 0}
  m_PrefabInstance: {fileID: 0}
  m_PrefabAsset: {fileID: 0}
  serializedVersion: 6
  m_Component:
  - component: {fileID: 758050186860073191}
  m_Layer: 8
  m_Name: Graphics
  m_TagString: Untagged
  m_Icon: {fileID: 0}
  m_NavMeshLayer: 0
  m_StaticEditorFlags: 0
  m_IsActive: 1
--- !u!4 &758050186860073191
Transform:
  m_ObjectHideFlags: 0
  m_CorrespondingSourceObject: {fileID: 0}
  m_PrefabInstance: {fileID: 0}
  m_PrefabAsset: {fileID: 0}
  m_GameObject: {fileID: 377929503302557997}
  m_LocalRotation: {x: 0, y: 0, z: 0, w: 1}
  m_LocalPosition: {x: 0, y: 0, z: 0}
  m_LocalScale: {x: 1, y: 1, z: 1}
  m_Children:
  - {fileID: 1399786705951827294}
  m_Father: {fileID: 5346935090464228599}
  m_RootOrder: 1
  m_LocalEulerAnglesHint: {x: 0, y: 0, z: 0}
--- !u!114 &6529850553181793950
MonoBehaviour:
  m_ObjectHideFlags: 0
  m_CorrespondingSourceObject: {fileID: 0}
  m_PrefabInstance: {fileID: 0}
  m_PrefabAsset: {fileID: 0}
  m_GameObject: {fileID: 1399786705951996222}
  m_Enabled: 1
  m_EditorHideFlags: 0
  m_Script: {fileID: 11500000, guid: a844f6fb68a871546b16dc58fd4abc68, type: 3}
  m_Name: 
  m_EditorClassIdentifier: 
  eventTrigger:
    m_PersistentCalls:
      m_Calls:
      - m_Target: {fileID: 3176099880561775639}
        m_MethodName: Heal
        m_Mode: 0
        m_Arguments:
          m_ObjectArgument: {fileID: 0}
          m_ObjectArgumentAssemblyTypeName: UnityEngine.Object, UnityEngine
          m_IntArgument: 0
          m_FloatArgument: 0
          m_StringArgument: 
          m_BoolArgument: 0
        m_CallState: 2
--- !u!1 &2211398832102999587
GameObject:
  m_ObjectHideFlags: 0
  m_CorrespondingSourceObject: {fileID: 0}
  m_PrefabInstance: {fileID: 0}
  m_PrefabAsset: {fileID: 0}
  serializedVersion: 6
  m_Component:
  - component: {fileID: 1608972686731304272}
  m_Layer: 8
  m_Name: projectileSpawnPoint
  m_TagString: Untagged
  m_Icon: {fileID: 0}
  m_NavMeshLayer: 0
  m_StaticEditorFlags: 0
  m_IsActive: 1
--- !u!4 &1608972686731304272
Transform:
  m_ObjectHideFlags: 0
  m_CorrespondingSourceObject: {fileID: 0}
  m_PrefabInstance: {fileID: 0}
  m_PrefabAsset: {fileID: 0}
  m_GameObject: {fileID: 2211398832102999587}
  m_LocalRotation: {x: 0, y: 0, z: 0, w: 1}
  m_LocalPosition: {x: 0.59, y: 1, z: 0.829}
  m_LocalScale: {x: 1, y: 1, z: 1}
  m_Children: []
  m_Father: {fileID: 5346935090464228599}
  m_RootOrder: 0
  m_LocalEulerAnglesHint: {x: 0, y: 0, z: 0}
--- !u!1 &3427731829015350922
GameObject:
  m_ObjectHideFlags: 0
  m_CorrespondingSourceObject: {fileID: 0}
  m_PrefabInstance: {fileID: 0}
  m_PrefabAsset: {fileID: 0}
  serializedVersion: 6
  m_Component:
  - component: {fileID: 4618478964130208647}
  m_Layer: 8
  m_Name: UI
  m_TagString: Untagged
  m_Icon: {fileID: 0}
  m_NavMeshLayer: 0
  m_StaticEditorFlags: 0
  m_IsActive: 1
--- !u!4 &4618478964130208647
Transform:
  m_ObjectHideFlags: 0
  m_CorrespondingSourceObject: {fileID: 0}
  m_PrefabInstance: {fileID: 0}
  m_PrefabAsset: {fileID: 0}
  m_GameObject: {fileID: 3427731829015350922}
  m_LocalRotation: {x: 0, y: 0, z: 0, w: 1}
  m_LocalPosition: {x: 0, y: 1.75, z: 0}
  m_LocalScale: {x: 1, y: 1, z: 1}
  m_Children:
  - {fileID: 4688025278047835125}
  - {fileID: 6648556419716327878}
  m_Father: {fileID: 5346935090464228599}
  m_RootOrder: 2
  m_LocalEulerAnglesHint: {x: 0, y: 0, z: 0}
--- !u!1 &5346935090464228592
GameObject:
  m_ObjectHideFlags: 0
  m_CorrespondingSourceObject: {fileID: 0}
  m_PrefabInstance: {fileID: 0}
  m_PrefabAsset: {fileID: 0}
  serializedVersion: 6
  m_Component:
  - component: {fileID: 5346935090464228599}
  - component: {fileID: 8693018109726633949}
  - component: {fileID: 4764908671481736417}
  - component: {fileID: 6540138966690668157}
  - component: {fileID: 1823966605452242945}
  - component: {fileID: 3176099880561775639}
  - component: {fileID: 1666124387738354200}
  - component: {fileID: -3405393225893969800}
  - component: {fileID: 4318900095109437650}
  - component: {fileID: 5346935090464228596}
  - component: {fileID: 5523677693461934644}
  - component: {fileID: 5346935090464228598}
  - component: {fileID: 4771893853964815664}
  m_Layer: 8
  m_Name: Priest_Team1
  m_TagString: Unit
  m_Icon: {fileID: 0}
  m_NavMeshLayer: 0
  m_StaticEditorFlags: 0
  m_IsActive: 1
--- !u!4 &5346935090464228599
Transform:
  m_ObjectHideFlags: 0
  m_CorrespondingSourceObject: {fileID: 0}
  m_PrefabInstance: {fileID: 0}
  m_PrefabAsset: {fileID: 0}
  m_GameObject: {fileID: 5346935090464228592}
  m_LocalRotation: {x: 0, y: 0, z: 0, w: 1}
  m_LocalPosition: {x: 0, y: 0.895, z: 0}
  m_LocalScale: {x: 1, y: 1, z: 1}
  m_Children:
  - {fileID: 1608972686731304272}
  - {fileID: 758050186860073191}
  - {fileID: 4618478964130208647}
  m_Father: {fileID: 0}
  m_RootOrder: 0
  m_LocalEulerAnglesHint: {x: 0, y: 0, z: 0}
--- !u!114 &8693018109726633949
MonoBehaviour:
  m_ObjectHideFlags: 0
  m_CorrespondingSourceObject: {fileID: 0}
  m_PrefabInstance: {fileID: 0}
  m_PrefabAsset: {fileID: 0}
  m_GameObject: {fileID: 5346935090464228592}
  m_Enabled: 1
  m_EditorHideFlags: 0
  m_Script: {fileID: 11500000, guid: 1623f97ec5f448ab84a2632a03f88ce1, type: 3}
  m_Name: 
  m_EditorClassIdentifier: 
  onGameplayObjectStateChange:
    m_PersistentCalls:
      m_Calls:
      - m_Target: {fileID: 4764908671481736417}
        m_MethodName: OnStatusChange
        m_Mode: 0
        m_Arguments:
          m_ObjectArgument: {fileID: 0}
          m_ObjectArgumentAssemblyTypeName: UnityEngine.Object, UnityEngine
          m_IntArgument: 0
          m_FloatArgument: 0
          m_StringArgument: 
          m_BoolArgument: 0
        m_CallState: 2
  unitStatus: 0
  configuration:
    team: 0
    type: 1
    model: 4
--- !u!114 &4764908671481736417
MonoBehaviour:
  m_ObjectHideFlags: 0
  m_CorrespondingSourceObject: {fileID: 0}
  m_PrefabInstance: {fileID: 0}
  m_PrefabAsset: {fileID: 0}
  m_GameObject: {fileID: 5346935090464228592}
  m_Enabled: 1
  m_EditorHideFlags: 0
  m_Script: {fileID: 11500000, guid: 63ef203735ff34d4786a7ce0ef053fc7, type: 3}
  m_Name: 
  m_EditorClassIdentifier: 
  onDestinationUpdate:
    m_PersistentCalls:
      m_Calls:
      - m_Target: {fileID: 1823966605452242945}
        m_MethodName: SetDestination
        m_Mode: 0
        m_Arguments:
          m_ObjectArgument: {fileID: 0}
          m_ObjectArgumentAssemblyTypeName: UnityEngine.Object, UnityEngine
          m_IntArgument: 0
          m_FloatArgument: 0
          m_StringArgument: 
          m_BoolArgument: 0
        m_CallState: 2
  onTargetUpdate:
    m_PersistentCalls:
      m_Calls:
      - m_Target: {fileID: 3176099880561775639}
        m_MethodName: OnTargetUpdate
        m_Mode: 0
        m_Arguments:
          m_ObjectArgument: {fileID: 0}
          m_ObjectArgumentAssemblyTypeName: UnityEngine.Object, UnityEngine
          m_IntArgument: 0
          m_FloatArgument: 0
          m_StringArgument: 
          m_BoolArgument: 0
        m_CallState: 2
--- !u!114 &6540138966690668157
MonoBehaviour:
  m_ObjectHideFlags: 0
  m_CorrespondingSourceObject: {fileID: 0}
  m_PrefabInstance: {fileID: 0}
  m_PrefabAsset: {fileID: 0}
  m_GameObject: {fileID: 5346935090464228592}
  m_Enabled: 1
  m_EditorHideFlags: 0
  m_Script: {fileID: 11500000, guid: 5e5c7f77b3714d5d92e3dd2b88fc98be, type: 3}
  m_Name: 
  m_EditorClassIdentifier: 
  data:
    life: 60
    dieAfter: 2
    dieEffect: {fileID: 3376997377535829582, guid: 242d4264e900c234ca068eb1e476b01d,
      type: 3}
  onGameplayObjectDead:
    m_PersistentCalls:
      m_Calls:
      - m_Target: {fileID: 8693018109726633949}
        m_MethodName: OnDie
        m_Mode: 1
        m_Arguments:
          m_ObjectArgument: {fileID: 0}
          m_ObjectArgumentAssemblyTypeName: UnityEngine.Object, UnityEngine
          m_IntArgument: 0
          m_FloatArgument: 0
          m_StringArgument: 
          m_BoolArgument: 0
        m_CallState: 2
  onHit:
    m_PersistentCalls:
      m_Calls:
      - m_Target: {fileID: 8007377386645824247}
        m_MethodName: UpdateHealth
        m_Mode: 0
        m_Arguments:
          m_ObjectArgument: {fileID: 0}
          m_ObjectArgumentAssemblyTypeName: UnityEngine.Object, UnityEngine
          m_IntArgument: 0
          m_FloatArgument: 0
          m_StringArgument: 
          m_BoolArgument: 0
        m_CallState: 2
--- !u!114 &1823966605452242945
MonoBehaviour:
  m_ObjectHideFlags: 0
  m_CorrespondingSourceObject: {fileID: 0}
  m_PrefabInstance: {fileID: 0}
  m_PrefabAsset: {fileID: 0}
  m_GameObject: {fileID: 5346935090464228592}
  m_Enabled: 1
  m_EditorHideFlags: 0
  m_Script: {fileID: 11500000, guid: 231f7d0888984f0481197b3fdb76bb70, type: 3}
  m_Name: 
  m_EditorClassIdentifier: 
  data:
    speed: 2
    deltaDistanceToReachDestination: 0.5
--- !u!114 &3176099880561775639
MonoBehaviour:
  m_ObjectHideFlags: 0
  m_CorrespondingSourceObject: {fileID: 0}
  m_PrefabInstance: {fileID: 0}
  m_PrefabAsset: {fileID: 0}
  m_GameObject: {fileID: 5346935090464228592}
  m_Enabled: 1
  m_EditorHideFlags: 0
  m_Script: {fileID: 11500000, guid: ee942889a1aa4b72a5a3dc6d453d6bc0, type: 3}
  m_Name: 
  m_EditorClassIdentifier: 
  onTargetRangeUpdate:
    m_PersistentCalls:
      m_Calls:
      - m_Target: {fileID: 4764908671481736417}
        m_MethodName: OnTargetInRange
        m_Mode: 0
        m_Arguments:
          m_ObjectArgument: {fileID: 0}
          m_ObjectArgumentAssemblyTypeName: UnityEngine.Object, UnityEngine
          m_IntArgument: 0
          m_FloatArgument: 0
          m_StringArgument: 
          m_BoolArgument: 0
        m_CallState: 2
  interactionData:
    baseInteraction:
      ratio: 1
      range: 5
    healAmount: 15
    healEffect: {fileID: 7259960200907733082, guid: 9355ea13f30172b4e872a4f3affe06c8,
      type: 3}
--- !u!114 &1666124387738354200
MonoBehaviour:
  m_ObjectHideFlags: 0
  m_CorrespondingSourceObject: {fileID: 0}
  m_PrefabInstance: {fileID: 0}
  m_PrefabAsset: {fileID: 0}
  m_GameObject: {fileID: 5346935090464228592}
  m_Enabled: 1
  m_EditorHideFlags: 0
  m_Script: {fileID: 11500000, guid: 20c6680919a7439d9b68548e3d39d21a, type: 3}
  m_Name: 
  m_EditorClassIdentifier: 
  data:
    range: 10
    whatIsTarget:
      serializedVersion: 2
      m_Bits: 256
    refreshRate: 0.1
    selectTargetBehavior: 2
    findTargetBehavior: 1
  onTargetUpdate:
    m_PersistentCalls:
      m_Calls:
      - m_Target: {fileID: 4764908671481736417}
        m_MethodName: SetTarget
        m_Mode: 0
        m_Arguments:
          m_ObjectArgument: {fileID: 0}
          m_ObjectArgumentAssemblyTypeName: UnityEngine.Object, UnityEngine
          m_IntArgument: 0
          m_FloatArgument: 0
          m_StringArgument: 
          m_BoolArgument: 0
        m_CallState: 2
--- !u!114 &-3405393225893969800
MonoBehaviour:
  m_ObjectHideFlags: 0
  m_CorrespondingSourceObject: {fileID: 0}
  m_PrefabInstance: {fileID: 0}
  m_PrefabAsset: {fileID: 0}
  m_GameObject: {fileID: 5346935090464228592}
  m_Enabled: 1
  m_EditorHideFlags: 0
  m_Script: {fileID: 11500000, guid: a1ca28198805442487205915b282512a, type: 3}
  m_Name: 
  m_EditorClassIdentifier: 
  animator: {fileID: 1399786705942498072}
--- !u!114 &4318900095109437650
MonoBehaviour:
  m_ObjectHideFlags: 0
  m_CorrespondingSourceObject: {fileID: 0}
  m_PrefabInstance: {fileID: 0}
  m_PrefabAsset: {fileID: 0}
  m_GameObject: {fileID: 5346935090464228592}
  m_Enabled: 1
  m_EditorHideFlags: 0
  m_Script: {fileID: 11500000, guid: 31b649e9474901a4ca6343582c57a3e3, type: 3}
  m_Name: 
  m_EditorClassIdentifier: 
  actions:
  - type: 0
    clip: {fileID: 8300000, guid: cb797b45d7afc1145bee8f5d42a56f78, type: 3}
  - type: 1
    clip: {fileID: 8300000, guid: 05130d1a33a91b6459129666ba50f6b1, type: 3}
  - type: 1
    clip: {fileID: 8300000, guid: f0faccc156cca0f43ba53a8b30bd1e0a, type: 3}
  - type: 1
    clip: {fileID: 8300000, guid: bd38a1c3e1e669b4d8cada65c33bbe8b, type: 3}
  - type: 3
    clip: {fileID: 8300000, guid: cb797b45d7afc1145bee8f5d42a56f78, type: 3}
--- !u!33 &5346935090464228596
MeshFilter:
  m_ObjectHideFlags: 0
  m_CorrespondingSourceObject: {fileID: 0}
  m_PrefabInstance: {fileID: 0}
  m_PrefabAsset: {fileID: 0}
  m_GameObject: {fileID: 5346935090464228592}
  m_Mesh: {fileID: 10208, guid: 0000000000000000e000000000000000, type: 0}
--- !u!136 &5523677693461934644
CapsuleCollider:
  m_ObjectHideFlags: 0
  m_CorrespondingSourceObject: {fileID: 0}
  m_PrefabInstance: {fileID: 0}
  m_PrefabAsset: {fileID: 0}
  m_GameObject: {fileID: 5346935090464228592}
  m_Material: {fileID: 0}
  m_IsTrigger: 0
  m_Enabled: 1
  m_Radius: 0.5
  m_Height: 2
  m_Direction: 1
  m_Center: {x: 0, y: 0.8, z: 0}
--- !u!195 &5346935090464228598
NavMeshAgent:
  m_ObjectHideFlags: 0
  m_CorrespondingSourceObject: {fileID: 0}
  m_PrefabInstance: {fileID: 0}
  m_PrefabAsset: {fileID: 0}
  m_GameObject: {fileID: 5346935090464228592}
  m_Enabled: 1
  m_AgentTypeID: 0
  m_Radius: 0.25
  m_Speed: 2
  m_Acceleration: 8
  avoidancePriority: 50
  m_AngularSpeed: 120
  m_StoppingDistance: 0
  m_AutoTraverseOffMeshLink: 1
  m_AutoBraking: 1
  m_AutoRepath: 1
  m_Height: 2
  m_BaseOffset: 0
  m_WalkableMask: 4294967295
  m_ObstacleAvoidanceType: 4
--- !u!82 &4771893853964815664
AudioSource:
  m_ObjectHideFlags: 0
  m_CorrespondingSourceObject: {fileID: 0}
  m_PrefabInstance: {fileID: 0}
  m_PrefabAsset: {fileID: 0}
  m_GameObject: {fileID: 5346935090464228592}
  m_Enabled: 1
  serializedVersion: 4
  OutputAudioMixerGroup: {fileID: -3356743217393144212, guid: 53bb1c2e4948a5d4b83590e092909433,
    type: 2}
  m_audioClip: {fileID: 0}
  m_PlayOnAwake: 0
  m_Volume: 1
  m_Pitch: 1.6
  Loop: 0
  Mute: 0
  Spatialize: 0
  SpatializePostEffects: 0
  Priority: 128
  DopplerLevel: 1
  MinDistance: 1
  MaxDistance: 50
  Pan2D: 0
  rolloffMode: 0
  BypassEffects: 0
  BypassListenerEffects: 0
  BypassReverbZones: 1
  rolloffCustomCurve:
    serializedVersion: 2
    m_Curve:
    - serializedVersion: 3
      time: 0
      value: 1
      inSlope: 0
      outSlope: 0
      tangentMode: 0
      weightedMode: 0
      inWeight: 0.33333334
      outWeight: 0.33333334
    - serializedVersion: 3
      time: 1
      value: 0
      inSlope: 0
      outSlope: 0
      tangentMode: 0
      weightedMode: 0
      inWeight: 0.33333334
      outWeight: 0.33333334
    m_PreInfinity: 2
    m_PostInfinity: 2
    m_RotationOrder: 4
  panLevelCustomCurve:
    serializedVersion: 2
    m_Curve:
    - serializedVersion: 3
      time: 0
      value: 1
      inSlope: 0
      outSlope: 0
      tangentMode: 0
      weightedMode: 0
      inWeight: 0.33333334
      outWeight: 0.33333334
    m_PreInfinity: 2
    m_PostInfinity: 2
    m_RotationOrder: 4
  spreadCustomCurve:
    serializedVersion: 2
    m_Curve:
    - serializedVersion: 3
      time: 0
      value: 0.0027777778
      inSlope: 0
      outSlope: 0
      tangentMode: 0
      weightedMode: 0
      inWeight: 0.33333334
      outWeight: 0.33333334
    m_PreInfinity: 2
    m_PostInfinity: 2
    m_RotationOrder: 4
  reverbZoneMixCustomCurve:
    serializedVersion: 2
    m_Curve:
    - serializedVersion: 3
      time: 0
      value: 1
      inSlope: 0
      outSlope: 0
      tangentMode: 0
      weightedMode: 0
      inWeight: 0.33333334
      outWeight: 0.33333334
    m_PreInfinity: 2
    m_PostInfinity: 2
    m_RotationOrder: 4
--- !u!1001 &1399786705951964792
PrefabInstance:
  m_ObjectHideFlags: 0
  serializedVersion: 2
  m_Modification:
    m_TransformParent: {fileID: 758050186860073191}
    m_Modifications:
    - target: {fileID: -8228911800590420881, guid: 02ded044b8e0963439276550f50be6f9,
        type: 3}
      propertyPath: m_Layer
      value: 8
      objectReference: {fileID: 0}
    - target: {fileID: -8228911800590420881, guid: 02ded044b8e0963439276550f50be6f9,
        type: 3}
      propertyPath: m_IsActive
      value: 0
      objectReference: {fileID: 0}
    - target: {fileID: -6828596130687077804, guid: 02ded044b8e0963439276550f50be6f9,
        type: 3}
      propertyPath: m_Layer
      value: 8
      objectReference: {fileID: 0}
    - target: {fileID: -4985573321703491345, guid: 02ded044b8e0963439276550f50be6f9,
        type: 3}
      propertyPath: m_Layer
      value: 8
      objectReference: {fileID: 0}
    - target: {fileID: -4985573321703491345, guid: 02ded044b8e0963439276550f50be6f9,
        type: 3}
      propertyPath: m_IsActive
      value: 0
      objectReference: {fileID: 0}
    - target: {fileID: -4751166527121079198, guid: 02ded044b8e0963439276550f50be6f9,
        type: 3}
      propertyPath: m_Layer
      value: 8
      objectReference: {fileID: 0}
    - target: {fileID: -4751166527121079198, guid: 02ded044b8e0963439276550f50be6f9,
        type: 3}
      propertyPath: m_IsActive
      value: 0
      objectReference: {fileID: 0}
    - target: {fileID: -4493078090381526383, guid: 02ded044b8e0963439276550f50be6f9,
        type: 3}
      propertyPath: m_Layer
      value: 8
      objectReference: {fileID: 0}
    - target: {fileID: -4493078090381526383, guid: 02ded044b8e0963439276550f50be6f9,
        type: 3}
      propertyPath: m_IsActive
      value: 0
      objectReference: {fileID: 0}
    - target: {fileID: -3769811110214008510, guid: 02ded044b8e0963439276550f50be6f9,
        type: 3}
      propertyPath: m_Layer
      value: 8
      objectReference: {fileID: 0}
    - target: {fileID: -3769811110214008510, guid: 02ded044b8e0963439276550f50be6f9,
        type: 3}
      propertyPath: m_IsActive
      value: 0
      objectReference: {fileID: 0}
    - target: {fileID: -3156845034612738821, guid: 02ded044b8e0963439276550f50be6f9,
        type: 3}
      propertyPath: m_Layer
      value: 8
      objectReference: {fileID: 0}
    - target: {fileID: -3156845034612738821, guid: 02ded044b8e0963439276550f50be6f9,
        type: 3}
      propertyPath: m_IsActive
      value: 0
      objectReference: {fileID: 0}
    - target: {fileID: -3062344314784129985, guid: 02ded044b8e0963439276550f50be6f9,
        type: 3}
      propertyPath: m_Layer
      value: 8
      objectReference: {fileID: 0}
    - target: {fileID: -2691485932829449437, guid: 02ded044b8e0963439276550f50be6f9,
        type: 3}
      propertyPath: m_Layer
      value: 8
      objectReference: {fileID: 0}
    - target: {fileID: -2691485932829449437, guid: 02ded044b8e0963439276550f50be6f9,
        type: 3}
      propertyPath: m_IsActive
      value: 0
      objectReference: {fileID: 0}
    - target: {fileID: -2137372904930271572, guid: 02ded044b8e0963439276550f50be6f9,
        type: 3}
      propertyPath: m_Layer
      value: 8
      objectReference: {fileID: 0}
    - target: {fileID: -2137372904930271572, guid: 02ded044b8e0963439276550f50be6f9,
        type: 3}
      propertyPath: m_IsActive
      value: 0
      objectReference: {fileID: 0}
    - target: {fileID: 100000, guid: 02ded044b8e0963439276550f50be6f9, type: 3}
      propertyPath: m_Layer
      value: 8
      objectReference: {fileID: 0}
    - target: {fileID: 100002, guid: 02ded044b8e0963439276550f50be6f9, type: 3}
      propertyPath: m_Layer
      value: 8
      objectReference: {fileID: 0}
    - target: {fileID: 100002, guid: 02ded044b8e0963439276550f50be6f9, type: 3}
      propertyPath: m_IsActive
      value: 1
      objectReference: {fileID: 0}
    - target: {fileID: 100004, guid: 02ded044b8e0963439276550f50be6f9, type: 3}
      propertyPath: m_Layer
      value: 8
      objectReference: {fileID: 0}
    - target: {fileID: 100006, guid: 02ded044b8e0963439276550f50be6f9, type: 3}
      propertyPath: m_Layer
      value: 8
      objectReference: {fileID: 0}
    - target: {fileID: 100008, guid: 02ded044b8e0963439276550f50be6f9, type: 3}
      propertyPath: m_Layer
      value: 8
      objectReference: {fileID: 0}
    - target: {fileID: 100010, guid: 02ded044b8e0963439276550f50be6f9, type: 3}
      propertyPath: m_Layer
      value: 8
      objectReference: {fileID: 0}
    - target: {fileID: 100012, guid: 02ded044b8e0963439276550f50be6f9, type: 3}
      propertyPath: m_Layer
      value: 8
      objectReference: {fileID: 0}
    - target: {fileID: 100014, guid: 02ded044b8e0963439276550f50be6f9, type: 3}
      propertyPath: m_Layer
      value: 8
      objectReference: {fileID: 0}
    - target: {fileID: 100016, guid: 02ded044b8e0963439276550f50be6f9, type: 3}
      propertyPath: m_Layer
      value: 8
      objectReference: {fileID: 0}
    - target: {fileID: 100018, guid: 02ded044b8e0963439276550f50be6f9, type: 3}
      propertyPath: m_Layer
      value: 8
      objectReference: {fileID: 0}
    - target: {fileID: 100020, guid: 02ded044b8e0963439276550f50be6f9, type: 3}
      propertyPath: m_Layer
      value: 8
      objectReference: {fileID: 0}
    - target: {fileID: 100022, guid: 02ded044b8e0963439276550f50be6f9, type: 3}
      propertyPath: m_Layer
      value: 8
      objectReference: {fileID: 0}
    - target: {fileID: 100024, guid: 02ded044b8e0963439276550f50be6f9, type: 3}
      propertyPath: m_Layer
      value: 8
      objectReference: {fileID: 0}
    - target: {fileID: 100026, guid: 02ded044b8e0963439276550f50be6f9, type: 3}
      propertyPath: m_Layer
      value: 8
      objectReference: {fileID: 0}
    - target: {fileID: 100028, guid: 02ded044b8e0963439276550f50be6f9, type: 3}
      propertyPath: m_Layer
      value: 8
      objectReference: {fileID: 0}
    - target: {fileID: 100030, guid: 02ded044b8e0963439276550f50be6f9, type: 3}
      propertyPath: m_Layer
      value: 8
      objectReference: {fileID: 0}
    - target: {fileID: 100032, guid: 02ded044b8e0963439276550f50be6f9, type: 3}
      propertyPath: m_Layer
      value: 8
      objectReference: {fileID: 0}
    - target: {fileID: 100034, guid: 02ded044b8e0963439276550f50be6f9, type: 3}
      propertyPath: m_Layer
      value: 8
      objectReference: {fileID: 0}
    - target: {fileID: 100036, guid: 02ded044b8e0963439276550f50be6f9, type: 3}
      propertyPath: m_Layer
      value: 8
      objectReference: {fileID: 0}
    - target: {fileID: 100038, guid: 02ded044b8e0963439276550f50be6f9, type: 3}
      propertyPath: m_Layer
      value: 8
      objectReference: {fileID: 0}
    - target: {fileID: 100040, guid: 02ded044b8e0963439276550f50be6f9, type: 3}
      propertyPath: m_Layer
      value: 8
      objectReference: {fileID: 0}
    - target: {fileID: 100042, guid: 02ded044b8e0963439276550f50be6f9, type: 3}
      propertyPath: m_Layer
      value: 8
      objectReference: {fileID: 0}
    - target: {fileID: 100162, guid: 02ded044b8e0963439276550f50be6f9, type: 3}
      propertyPath: m_Layer
      value: 8
      objectReference: {fileID: 0}
    - target: {fileID: 100164, guid: 02ded044b8e0963439276550f50be6f9, type: 3}
      propertyPath: m_Layer
      value: 8
      objectReference: {fileID: 0}
    - target: {fileID: 100166, guid: 02ded044b8e0963439276550f50be6f9, type: 3}
      propertyPath: m_Name
      value: TT_RTS_Characters_customizable
      objectReference: {fileID: 0}
    - target: {fileID: 100166, guid: 02ded044b8e0963439276550f50be6f9, type: 3}
      propertyPath: m_Layer
      value: 8
      objectReference: {fileID: 0}
    - target: {fileID: 100168, guid: 02ded044b8e0963439276550f50be6f9, type: 3}
      propertyPath: m_Layer
      value: 8
      objectReference: {fileID: 0}
    - target: {fileID: 100182, guid: 02ded044b8e0963439276550f50be6f9, type: 3}
      propertyPath: m_Layer
      value: 8
      objectReference: {fileID: 0}
    - target: {fileID: 100182, guid: 02ded044b8e0963439276550f50be6f9, type: 3}
      propertyPath: m_IsActive
      value: 0
      objectReference: {fileID: 0}
    - target: {fileID: 100190, guid: 02ded044b8e0963439276550f50be6f9, type: 3}
      propertyPath: m_Layer
      value: 8
      objectReference: {fileID: 0}
    - target: {fileID: 100190, guid: 02ded044b8e0963439276550f50be6f9, type: 3}
      propertyPath: m_IsActive
      value: 0
      objectReference: {fileID: 0}
    - target: {fileID: 100206, guid: 02ded044b8e0963439276550f50be6f9, type: 3}
      propertyPath: m_Layer
      value: 8
      objectReference: {fileID: 0}
    - target: {fileID: 100206, guid: 02ded044b8e0963439276550f50be6f9, type: 3}
      propertyPath: m_IsActive
      value: 0
      objectReference: {fileID: 0}
    - target: {fileID: 100208, guid: 02ded044b8e0963439276550f50be6f9, type: 3}
      propertyPath: m_Layer
      value: 8
      objectReference: {fileID: 0}
    - target: {fileID: 100208, guid: 02ded044b8e0963439276550f50be6f9, type: 3}
      propertyPath: m_IsActive
      value: 0
      objectReference: {fileID: 0}
    - target: {fileID: 100404, guid: 02ded044b8e0963439276550f50be6f9, type: 3}
      propertyPath: m_Layer
      value: 8
      objectReference: {fileID: 0}
    - target: {fileID: 100406, guid: 02ded044b8e0963439276550f50be6f9, type: 3}
      propertyPath: m_Layer
      value: 8
      objectReference: {fileID: 0}
    - target: {fileID: 100408, guid: 02ded044b8e0963439276550f50be6f9, type: 3}
      propertyPath: m_Layer
      value: 8
      objectReference: {fileID: 0}
    - target: {fileID: 100410, guid: 02ded044b8e0963439276550f50be6f9, type: 3}
      propertyPath: m_Layer
      value: 8
      objectReference: {fileID: 0}
    - target: {fileID: 100432, guid: 02ded044b8e0963439276550f50be6f9, type: 3}
      propertyPath: m_Layer
      value: 8
      objectReference: {fileID: 0}
    - target: {fileID: 100602, guid: 02ded044b8e0963439276550f50be6f9, type: 3}
      propertyPath: m_Layer
      value: 8
      objectReference: {fileID: 0}
    - target: {fileID: 100602, guid: 02ded044b8e0963439276550f50be6f9, type: 3}
      propertyPath: m_IsActive
      value: 0
      objectReference: {fileID: 0}
    - target: {fileID: 100604, guid: 02ded044b8e0963439276550f50be6f9, type: 3}
      propertyPath: m_Layer
      value: 8
      objectReference: {fileID: 0}
    - target: {fileID: 100604, guid: 02ded044b8e0963439276550f50be6f9, type: 3}
      propertyPath: m_IsActive
      value: 0
      objectReference: {fileID: 0}
    - target: {fileID: 100606, guid: 02ded044b8e0963439276550f50be6f9, type: 3}
      propertyPath: m_Layer
      value: 8
      objectReference: {fileID: 0}
    - target: {fileID: 100606, guid: 02ded044b8e0963439276550f50be6f9, type: 3}
      propertyPath: m_IsActive
      value: 0
      objectReference: {fileID: 0}
    - target: {fileID: 100608, guid: 02ded044b8e0963439276550f50be6f9, type: 3}
      propertyPath: m_Layer
      value: 8
      objectReference: {fileID: 0}
    - target: {fileID: 100608, guid: 02ded044b8e0963439276550f50be6f9, type: 3}
      propertyPath: m_IsActive
      value: 0
      objectReference: {fileID: 0}
    - target: {fileID: 100610, guid: 02ded044b8e0963439276550f50be6f9, type: 3}
      propertyPath: m_Layer
      value: 8
      objectReference: {fileID: 0}
    - target: {fileID: 100610, guid: 02ded044b8e0963439276550f50be6f9, type: 3}
      propertyPath: m_IsActive
      value: 0
      objectReference: {fileID: 0}
    - target: {fileID: 100612, guid: 02ded044b8e0963439276550f50be6f9, type: 3}
      propertyPath: m_Layer
      value: 8
      objectReference: {fileID: 0}
    - target: {fileID: 100612, guid: 02ded044b8e0963439276550f50be6f9, type: 3}
      propertyPath: m_IsActive
      value: 0
      objectReference: {fileID: 0}
    - target: {fileID: 100614, guid: 02ded044b8e0963439276550f50be6f9, type: 3}
      propertyPath: m_Layer
      value: 8
      objectReference: {fileID: 0}
    - target: {fileID: 100614, guid: 02ded044b8e0963439276550f50be6f9, type: 3}
      propertyPath: m_IsActive
      value: 0
      objectReference: {fileID: 0}
    - target: {fileID: 100616, guid: 02ded044b8e0963439276550f50be6f9, type: 3}
      propertyPath: m_Layer
      value: 8
      objectReference: {fileID: 0}
    - target: {fileID: 100616, guid: 02ded044b8e0963439276550f50be6f9, type: 3}
      propertyPath: m_IsActive
      value: 0
      objectReference: {fileID: 0}
    - target: {fileID: 100618, guid: 02ded044b8e0963439276550f50be6f9, type: 3}
      propertyPath: m_Layer
      value: 8
      objectReference: {fileID: 0}
    - target: {fileID: 100618, guid: 02ded044b8e0963439276550f50be6f9, type: 3}
      propertyPath: m_IsActive
      value: 0
      objectReference: {fileID: 0}
    - target: {fileID: 100620, guid: 02ded044b8e0963439276550f50be6f9, type: 3}
      propertyPath: m_Layer
      value: 8
      objectReference: {fileID: 0}
    - target: {fileID: 100620, guid: 02ded044b8e0963439276550f50be6f9, type: 3}
      propertyPath: m_IsActive
      value: 0
      objectReference: {fileID: 0}
    - target: {fileID: 100622, guid: 02ded044b8e0963439276550f50be6f9, type: 3}
      propertyPath: m_Layer
      value: 8
      objectReference: {fileID: 0}
    - target: {fileID: 100622, guid: 02ded044b8e0963439276550f50be6f9, type: 3}
      propertyPath: m_IsActive
      value: 0
      objectReference: {fileID: 0}
    - target: {fileID: 100624, guid: 02ded044b8e0963439276550f50be6f9, type: 3}
      propertyPath: m_Layer
      value: 8
      objectReference: {fileID: 0}
    - target: {fileID: 100624, guid: 02ded044b8e0963439276550f50be6f9, type: 3}
      propertyPath: m_IsActive
      value: 0
      objectReference: {fileID: 0}
    - target: {fileID: 100626, guid: 02ded044b8e0963439276550f50be6f9, type: 3}
      propertyPath: m_Layer
      value: 8
      objectReference: {fileID: 0}
    - target: {fileID: 100626, guid: 02ded044b8e0963439276550f50be6f9, type: 3}
      propertyPath: m_IsActive
      value: 0
      objectReference: {fileID: 0}
    - target: {fileID: 100628, guid: 02ded044b8e0963439276550f50be6f9, type: 3}
      propertyPath: m_Layer
      value: 8
      objectReference: {fileID: 0}
    - target: {fileID: 100628, guid: 02ded044b8e0963439276550f50be6f9, type: 3}
      propertyPath: m_IsActive
      value: 0
      objectReference: {fileID: 0}
    - target: {fileID: 100630, guid: 02ded044b8e0963439276550f50be6f9, type: 3}
      propertyPath: m_Layer
      value: 8
      objectReference: {fileID: 0}
    - target: {fileID: 100630, guid: 02ded044b8e0963439276550f50be6f9, type: 3}
      propertyPath: m_IsActive
      value: 0
      objectReference: {fileID: 0}
    - target: {fileID: 100632, guid: 02ded044b8e0963439276550f50be6f9, type: 3}
      propertyPath: m_Layer
      value: 8
      objectReference: {fileID: 0}
    - target: {fileID: 100632, guid: 02ded044b8e0963439276550f50be6f9, type: 3}
      propertyPath: m_IsActive
      value: 0
      objectReference: {fileID: 0}
    - target: {fileID: 100634, guid: 02ded044b8e0963439276550f50be6f9, type: 3}
      propertyPath: m_Layer
      value: 8
      objectReference: {fileID: 0}
    - target: {fileID: 100634, guid: 02ded044b8e0963439276550f50be6f9, type: 3}
      propertyPath: m_IsActive
      value: 0
      objectReference: {fileID: 0}
    - target: {fileID: 100636, guid: 02ded044b8e0963439276550f50be6f9, type: 3}
      propertyPath: m_Layer
      value: 8
      objectReference: {fileID: 0}
    - target: {fileID: 100636, guid: 02ded044b8e0963439276550f50be6f9, type: 3}
      propertyPath: m_IsActive
      value: 0
      objectReference: {fileID: 0}
    - target: {fileID: 100638, guid: 02ded044b8e0963439276550f50be6f9, type: 3}
      propertyPath: m_Layer
      value: 8
      objectReference: {fileID: 0}
    - target: {fileID: 100638, guid: 02ded044b8e0963439276550f50be6f9, type: 3}
      propertyPath: m_IsActive
      value: 0
      objectReference: {fileID: 0}
    - target: {fileID: 100640, guid: 02ded044b8e0963439276550f50be6f9, type: 3}
      propertyPath: m_Layer
      value: 8
      objectReference: {fileID: 0}
    - target: {fileID: 100640, guid: 02ded044b8e0963439276550f50be6f9, type: 3}
      propertyPath: m_IsActive
      value: 0
      objectReference: {fileID: 0}
    - target: {fileID: 100642, guid: 02ded044b8e0963439276550f50be6f9, type: 3}
      propertyPath: m_Layer
      value: 8
      objectReference: {fileID: 0}
    - target: {fileID: 100642, guid: 02ded044b8e0963439276550f50be6f9, type: 3}
      propertyPath: m_IsActive
      value: 0
      objectReference: {fileID: 0}
    - target: {fileID: 100644, guid: 02ded044b8e0963439276550f50be6f9, type: 3}
      propertyPath: m_Layer
      value: 8
      objectReference: {fileID: 0}
    - target: {fileID: 100644, guid: 02ded044b8e0963439276550f50be6f9, type: 3}
      propertyPath: m_IsActive
      value: 0
      objectReference: {fileID: 0}
    - target: {fileID: 100646, guid: 02ded044b8e0963439276550f50be6f9, type: 3}
      propertyPath: m_Layer
      value: 8
      objectReference: {fileID: 0}
    - target: {fileID: 100646, guid: 02ded044b8e0963439276550f50be6f9, type: 3}
      propertyPath: m_IsActive
      value: 0
      objectReference: {fileID: 0}
    - target: {fileID: 100648, guid: 02ded044b8e0963439276550f50be6f9, type: 3}
      propertyPath: m_Layer
      value: 8
      objectReference: {fileID: 0}
    - target: {fileID: 100648, guid: 02ded044b8e0963439276550f50be6f9, type: 3}
      propertyPath: m_IsActive
      value: 0
      objectReference: {fileID: 0}
    - target: {fileID: 100650, guid: 02ded044b8e0963439276550f50be6f9, type: 3}
      propertyPath: m_Layer
      value: 8
      objectReference: {fileID: 0}
    - target: {fileID: 100650, guid: 02ded044b8e0963439276550f50be6f9, type: 3}
      propertyPath: m_IsActive
      value: 0
      objectReference: {fileID: 0}
    - target: {fileID: 100652, guid: 02ded044b8e0963439276550f50be6f9, type: 3}
      propertyPath: m_Layer
      value: 8
      objectReference: {fileID: 0}
    - target: {fileID: 100652, guid: 02ded044b8e0963439276550f50be6f9, type: 3}
      propertyPath: m_IsActive
      value: 0
      objectReference: {fileID: 0}
    - target: {fileID: 100656, guid: 02ded044b8e0963439276550f50be6f9, type: 3}
      propertyPath: m_Layer
      value: 8
      objectReference: {fileID: 0}
    - target: {fileID: 100656, guid: 02ded044b8e0963439276550f50be6f9, type: 3}
      propertyPath: m_IsActive
      value: 0
      objectReference: {fileID: 0}
    - target: {fileID: 100658, guid: 02ded044b8e0963439276550f50be6f9, type: 3}
      propertyPath: m_Layer
      value: 8
      objectReference: {fileID: 0}
    - target: {fileID: 100658, guid: 02ded044b8e0963439276550f50be6f9, type: 3}
      propertyPath: m_IsActive
      value: 0
      objectReference: {fileID: 0}
    - target: {fileID: 100660, guid: 02ded044b8e0963439276550f50be6f9, type: 3}
      propertyPath: m_Layer
      value: 8
      objectReference: {fileID: 0}
    - target: {fileID: 100660, guid: 02ded044b8e0963439276550f50be6f9, type: 3}
      propertyPath: m_IsActive
      value: 0
      objectReference: {fileID: 0}
    - target: {fileID: 100662, guid: 02ded044b8e0963439276550f50be6f9, type: 3}
      propertyPath: m_Layer
      value: 8
      objectReference: {fileID: 0}
    - target: {fileID: 100662, guid: 02ded044b8e0963439276550f50be6f9, type: 3}
      propertyPath: m_IsActive
      value: 0
      objectReference: {fileID: 0}
    - target: {fileID: 100664, guid: 02ded044b8e0963439276550f50be6f9, type: 3}
      propertyPath: m_Layer
      value: 8
      objectReference: {fileID: 0}
    - target: {fileID: 100664, guid: 02ded044b8e0963439276550f50be6f9, type: 3}
      propertyPath: m_IsActive
      value: 0
      objectReference: {fileID: 0}
    - target: {fileID: 100666, guid: 02ded044b8e0963439276550f50be6f9, type: 3}
      propertyPath: m_Layer
      value: 8
      objectReference: {fileID: 0}
    - target: {fileID: 100666, guid: 02ded044b8e0963439276550f50be6f9, type: 3}
      propertyPath: m_IsActive
      value: 0
      objectReference: {fileID: 0}
    - target: {fileID: 100668, guid: 02ded044b8e0963439276550f50be6f9, type: 3}
      propertyPath: m_Layer
      value: 8
      objectReference: {fileID: 0}
    - target: {fileID: 100668, guid: 02ded044b8e0963439276550f50be6f9, type: 3}
      propertyPath: m_IsActive
      value: 0
      objectReference: {fileID: 0}
    - target: {fileID: 100670, guid: 02ded044b8e0963439276550f50be6f9, type: 3}
      propertyPath: m_Layer
      value: 8
      objectReference: {fileID: 0}
    - target: {fileID: 100670, guid: 02ded044b8e0963439276550f50be6f9, type: 3}
      propertyPath: m_IsActive
      value: 0
      objectReference: {fileID: 0}
    - target: {fileID: 100672, guid: 02ded044b8e0963439276550f50be6f9, type: 3}
      propertyPath: m_Layer
      value: 8
      objectReference: {fileID: 0}
    - target: {fileID: 100672, guid: 02ded044b8e0963439276550f50be6f9, type: 3}
      propertyPath: m_IsActive
      value: 1
      objectReference: {fileID: 0}
    - target: {fileID: 100674, guid: 02ded044b8e0963439276550f50be6f9, type: 3}
      propertyPath: m_Layer
      value: 8
      objectReference: {fileID: 0}
    - target: {fileID: 100674, guid: 02ded044b8e0963439276550f50be6f9, type: 3}
      propertyPath: m_IsActive
      value: 0
      objectReference: {fileID: 0}
    - target: {fileID: 100676, guid: 02ded044b8e0963439276550f50be6f9, type: 3}
      propertyPath: m_Layer
      value: 8
      objectReference: {fileID: 0}
    - target: {fileID: 100676, guid: 02ded044b8e0963439276550f50be6f9, type: 3}
      propertyPath: m_IsActive
      value: 0
      objectReference: {fileID: 0}
    - target: {fileID: 100678, guid: 02ded044b8e0963439276550f50be6f9, type: 3}
      propertyPath: m_Layer
      value: 8
      objectReference: {fileID: 0}
    - target: {fileID: 100678, guid: 02ded044b8e0963439276550f50be6f9, type: 3}
      propertyPath: m_IsActive
      value: 0
      objectReference: {fileID: 0}
    - target: {fileID: 100680, guid: 02ded044b8e0963439276550f50be6f9, type: 3}
      propertyPath: m_Layer
      value: 8
      objectReference: {fileID: 0}
    - target: {fileID: 100680, guid: 02ded044b8e0963439276550f50be6f9, type: 3}
      propertyPath: m_IsActive
      value: 0
      objectReference: {fileID: 0}
    - target: {fileID: 100682, guid: 02ded044b8e0963439276550f50be6f9, type: 3}
      propertyPath: m_Layer
      value: 8
      objectReference: {fileID: 0}
    - target: {fileID: 100682, guid: 02ded044b8e0963439276550f50be6f9, type: 3}
      propertyPath: m_IsActive
      value: 0
      objectReference: {fileID: 0}
    - target: {fileID: 100684, guid: 02ded044b8e0963439276550f50be6f9, type: 3}
      propertyPath: m_Layer
      value: 8
      objectReference: {fileID: 0}
    - target: {fileID: 100684, guid: 02ded044b8e0963439276550f50be6f9, type: 3}
      propertyPath: m_IsActive
      value: 0
      objectReference: {fileID: 0}
    - target: {fileID: 100686, guid: 02ded044b8e0963439276550f50be6f9, type: 3}
      propertyPath: m_Layer
      value: 8
      objectReference: {fileID: 0}
    - target: {fileID: 100686, guid: 02ded044b8e0963439276550f50be6f9, type: 3}
      propertyPath: m_IsActive
      value: 0
      objectReference: {fileID: 0}
    - target: {fileID: 100688, guid: 02ded044b8e0963439276550f50be6f9, type: 3}
      propertyPath: m_Layer
      value: 8
      objectReference: {fileID: 0}
    - target: {fileID: 100688, guid: 02ded044b8e0963439276550f50be6f9, type: 3}
      propertyPath: m_IsActive
      value: 0
      objectReference: {fileID: 0}
    - target: {fileID: 100690, guid: 02ded044b8e0963439276550f50be6f9, type: 3}
      propertyPath: m_Layer
      value: 8
      objectReference: {fileID: 0}
    - target: {fileID: 100690, guid: 02ded044b8e0963439276550f50be6f9, type: 3}
      propertyPath: m_IsActive
      value: 0
      objectReference: {fileID: 0}
    - target: {fileID: 100692, guid: 02ded044b8e0963439276550f50be6f9, type: 3}
      propertyPath: m_Layer
      value: 8
      objectReference: {fileID: 0}
    - target: {fileID: 100692, guid: 02ded044b8e0963439276550f50be6f9, type: 3}
      propertyPath: m_IsActive
      value: 0
      objectReference: {fileID: 0}
    - target: {fileID: 100694, guid: 02ded044b8e0963439276550f50be6f9, type: 3}
      propertyPath: m_Layer
      value: 8
      objectReference: {fileID: 0}
    - target: {fileID: 100694, guid: 02ded044b8e0963439276550f50be6f9, type: 3}
      propertyPath: m_IsActive
      value: 0
      objectReference: {fileID: 0}
    - target: {fileID: 100776, guid: 02ded044b8e0963439276550f50be6f9, type: 3}
      propertyPath: m_Layer
      value: 8
      objectReference: {fileID: 0}
    - target: {fileID: 100776, guid: 02ded044b8e0963439276550f50be6f9, type: 3}
      propertyPath: m_IsActive
      value: 0
      objectReference: {fileID: 0}
    - target: {fileID: 100778, guid: 02ded044b8e0963439276550f50be6f9, type: 3}
      propertyPath: m_Layer
      value: 8
      objectReference: {fileID: 0}
    - target: {fileID: 100778, guid: 02ded044b8e0963439276550f50be6f9, type: 3}
      propertyPath: m_IsActive
      value: 0
      objectReference: {fileID: 0}
    - target: {fileID: 100780, guid: 02ded044b8e0963439276550f50be6f9, type: 3}
      propertyPath: m_Layer
      value: 8
      objectReference: {fileID: 0}
    - target: {fileID: 100780, guid: 02ded044b8e0963439276550f50be6f9, type: 3}
      propertyPath: m_IsActive
      value: 0
      objectReference: {fileID: 0}
    - target: {fileID: 100782, guid: 02ded044b8e0963439276550f50be6f9, type: 3}
      propertyPath: m_Layer
      value: 8
      objectReference: {fileID: 0}
    - target: {fileID: 100782, guid: 02ded044b8e0963439276550f50be6f9, type: 3}
      propertyPath: m_IsActive
      value: 0
      objectReference: {fileID: 0}
    - target: {fileID: 100784, guid: 02ded044b8e0963439276550f50be6f9, type: 3}
      propertyPath: m_Layer
      value: 8
      objectReference: {fileID: 0}
    - target: {fileID: 100784, guid: 02ded044b8e0963439276550f50be6f9, type: 3}
      propertyPath: m_IsActive
      value: 0
      objectReference: {fileID: 0}
    - target: {fileID: 100786, guid: 02ded044b8e0963439276550f50be6f9, type: 3}
      propertyPath: m_Layer
      value: 8
      objectReference: {fileID: 0}
    - target: {fileID: 100786, guid: 02ded044b8e0963439276550f50be6f9, type: 3}
      propertyPath: m_IsActive
      value: 0
      objectReference: {fileID: 0}
    - target: {fileID: 100788, guid: 02ded044b8e0963439276550f50be6f9, type: 3}
      propertyPath: m_Layer
      value: 8
      objectReference: {fileID: 0}
    - target: {fileID: 100788, guid: 02ded044b8e0963439276550f50be6f9, type: 3}
      propertyPath: m_IsActive
      value: 0
      objectReference: {fileID: 0}
    - target: {fileID: 100814, guid: 02ded044b8e0963439276550f50be6f9, type: 3}
      propertyPath: m_Layer
      value: 8
      objectReference: {fileID: 0}
    - target: {fileID: 100814, guid: 02ded044b8e0963439276550f50be6f9, type: 3}
      propertyPath: m_IsActive
      value: 0
      objectReference: {fileID: 0}
    - target: {fileID: 100816, guid: 02ded044b8e0963439276550f50be6f9, type: 3}
      propertyPath: m_Layer
      value: 8
      objectReference: {fileID: 0}
    - target: {fileID: 100816, guid: 02ded044b8e0963439276550f50be6f9, type: 3}
      propertyPath: m_IsActive
      value: 0
      objectReference: {fileID: 0}
    - target: {fileID: 100818, guid: 02ded044b8e0963439276550f50be6f9, type: 3}
      propertyPath: m_Layer
      value: 8
      objectReference: {fileID: 0}
    - target: {fileID: 100818, guid: 02ded044b8e0963439276550f50be6f9, type: 3}
      propertyPath: m_IsActive
      value: 0
      objectReference: {fileID: 0}
    - target: {fileID: 100820, guid: 02ded044b8e0963439276550f50be6f9, type: 3}
      propertyPath: m_Layer
      value: 8
      objectReference: {fileID: 0}
    - target: {fileID: 100820, guid: 02ded044b8e0963439276550f50be6f9, type: 3}
      propertyPath: m_IsActive
      value: 1
      objectReference: {fileID: 0}
    - target: {fileID: 100822, guid: 02ded044b8e0963439276550f50be6f9, type: 3}
      propertyPath: m_Layer
      value: 8
      objectReference: {fileID: 0}
    - target: {fileID: 100822, guid: 02ded044b8e0963439276550f50be6f9, type: 3}
      propertyPath: m_IsActive
      value: 0
      objectReference: {fileID: 0}
    - target: {fileID: 100824, guid: 02ded044b8e0963439276550f50be6f9, type: 3}
      propertyPath: m_Layer
      value: 8
      objectReference: {fileID: 0}
    - target: {fileID: 100824, guid: 02ded044b8e0963439276550f50be6f9, type: 3}
      propertyPath: m_IsActive
      value: 0
      objectReference: {fileID: 0}
    - target: {fileID: 100826, guid: 02ded044b8e0963439276550f50be6f9, type: 3}
      propertyPath: m_Layer
      value: 8
      objectReference: {fileID: 0}
    - target: {fileID: 100826, guid: 02ded044b8e0963439276550f50be6f9, type: 3}
      propertyPath: m_IsActive
      value: 0
      objectReference: {fileID: 0}
    - target: {fileID: 100828, guid: 02ded044b8e0963439276550f50be6f9, type: 3}
      propertyPath: m_Layer
      value: 8
      objectReference: {fileID: 0}
    - target: {fileID: 100828, guid: 02ded044b8e0963439276550f50be6f9, type: 3}
      propertyPath: m_IsActive
      value: 0
      objectReference: {fileID: 0}
    - target: {fileID: 100830, guid: 02ded044b8e0963439276550f50be6f9, type: 3}
      propertyPath: m_Layer
      value: 8
      objectReference: {fileID: 0}
    - target: {fileID: 100830, guid: 02ded044b8e0963439276550f50be6f9, type: 3}
      propertyPath: m_IsActive
      value: 0
      objectReference: {fileID: 0}
    - target: {fileID: 100832, guid: 02ded044b8e0963439276550f50be6f9, type: 3}
      propertyPath: m_Layer
      value: 8
      objectReference: {fileID: 0}
    - target: {fileID: 100832, guid: 02ded044b8e0963439276550f50be6f9, type: 3}
      propertyPath: m_IsActive
      value: 0
      objectReference: {fileID: 0}
    - target: {fileID: 100834, guid: 02ded044b8e0963439276550f50be6f9, type: 3}
      propertyPath: m_Layer
      value: 8
      objectReference: {fileID: 0}
    - target: {fileID: 100834, guid: 02ded044b8e0963439276550f50be6f9, type: 3}
      propertyPath: m_IsActive
      value: 0
      objectReference: {fileID: 0}
    - target: {fileID: 100836, guid: 02ded044b8e0963439276550f50be6f9, type: 3}
      propertyPath: m_Layer
      value: 8
      objectReference: {fileID: 0}
    - target: {fileID: 100836, guid: 02ded044b8e0963439276550f50be6f9, type: 3}
      propertyPath: m_IsActive
      value: 0
      objectReference: {fileID: 0}
    - target: {fileID: 100838, guid: 02ded044b8e0963439276550f50be6f9, type: 3}
      propertyPath: m_Layer
      value: 8
      objectReference: {fileID: 0}
    - target: {fileID: 100838, guid: 02ded044b8e0963439276550f50be6f9, type: 3}
      propertyPath: m_IsActive
      value: 0
      objectReference: {fileID: 0}
    - target: {fileID: 100840, guid: 02ded044b8e0963439276550f50be6f9, type: 3}
      propertyPath: m_Layer
      value: 8
      objectReference: {fileID: 0}
    - target: {fileID: 100840, guid: 02ded044b8e0963439276550f50be6f9, type: 3}
      propertyPath: m_IsActive
      value: 0
      objectReference: {fileID: 0}
    - target: {fileID: 100842, guid: 02ded044b8e0963439276550f50be6f9, type: 3}
      propertyPath: m_Layer
      value: 8
      objectReference: {fileID: 0}
    - target: {fileID: 100842, guid: 02ded044b8e0963439276550f50be6f9, type: 3}
      propertyPath: m_IsActive
      value: 0
      objectReference: {fileID: 0}
    - target: {fileID: 100844, guid: 02ded044b8e0963439276550f50be6f9, type: 3}
      propertyPath: m_Layer
      value: 8
      objectReference: {fileID: 0}
    - target: {fileID: 100844, guid: 02ded044b8e0963439276550f50be6f9, type: 3}
      propertyPath: m_IsActive
      value: 0
      objectReference: {fileID: 0}
    - target: {fileID: 100846, guid: 02ded044b8e0963439276550f50be6f9, type: 3}
      propertyPath: m_Layer
      value: 8
      objectReference: {fileID: 0}
    - target: {fileID: 100846, guid: 02ded044b8e0963439276550f50be6f9, type: 3}
      propertyPath: m_IsActive
      value: 0
      objectReference: {fileID: 0}
    - target: {fileID: 100848, guid: 02ded044b8e0963439276550f50be6f9, type: 3}
      propertyPath: m_Layer
      value: 8
      objectReference: {fileID: 0}
    - target: {fileID: 100848, guid: 02ded044b8e0963439276550f50be6f9, type: 3}
      propertyPath: m_IsActive
      value: 0
      objectReference: {fileID: 0}
    - target: {fileID: 100850, guid: 02ded044b8e0963439276550f50be6f9, type: 3}
      propertyPath: m_Layer
      value: 8
      objectReference: {fileID: 0}
    - target: {fileID: 100850, guid: 02ded044b8e0963439276550f50be6f9, type: 3}
      propertyPath: m_IsActive
      value: 0
      objectReference: {fileID: 0}
    - target: {fileID: 100852, guid: 02ded044b8e0963439276550f50be6f9, type: 3}
      propertyPath: m_Layer
      value: 8
      objectReference: {fileID: 0}
    - target: {fileID: 100852, guid: 02ded044b8e0963439276550f50be6f9, type: 3}
      propertyPath: m_IsActive
      value: 0
      objectReference: {fileID: 0}
    - target: {fileID: 100854, guid: 02ded044b8e0963439276550f50be6f9, type: 3}
      propertyPath: m_Layer
      value: 8
      objectReference: {fileID: 0}
    - target: {fileID: 100854, guid: 02ded044b8e0963439276550f50be6f9, type: 3}
      propertyPath: m_IsActive
      value: 0
      objectReference: {fileID: 0}
    - target: {fileID: 100856, guid: 02ded044b8e0963439276550f50be6f9, type: 3}
      propertyPath: m_Layer
      value: 8
      objectReference: {fileID: 0}
    - target: {fileID: 100856, guid: 02ded044b8e0963439276550f50be6f9, type: 3}
      propertyPath: m_IsActive
      value: 0
      objectReference: {fileID: 0}
    - target: {fileID: 100858, guid: 02ded044b8e0963439276550f50be6f9, type: 3}
      propertyPath: m_Layer
      value: 8
      objectReference: {fileID: 0}
    - target: {fileID: 100858, guid: 02ded044b8e0963439276550f50be6f9, type: 3}
      propertyPath: m_IsActive
      value: 0
      objectReference: {fileID: 0}
    - target: {fileID: 100860, guid: 02ded044b8e0963439276550f50be6f9, type: 3}
      propertyPath: m_Layer
      value: 8
      objectReference: {fileID: 0}
    - target: {fileID: 100860, guid: 02ded044b8e0963439276550f50be6f9, type: 3}
      propertyPath: m_IsActive
      value: 0
      objectReference: {fileID: 0}
    - target: {fileID: 100862, guid: 02ded044b8e0963439276550f50be6f9, type: 3}
      propertyPath: m_Layer
      value: 8
      objectReference: {fileID: 0}
    - target: {fileID: 100862, guid: 02ded044b8e0963439276550f50be6f9, type: 3}
      propertyPath: m_IsActive
      value: 0
      objectReference: {fileID: 0}
    - target: {fileID: 100864, guid: 02ded044b8e0963439276550f50be6f9, type: 3}
      propertyPath: m_Layer
      value: 8
      objectReference: {fileID: 0}
    - target: {fileID: 100864, guid: 02ded044b8e0963439276550f50be6f9, type: 3}
      propertyPath: m_IsActive
      value: 0
      objectReference: {fileID: 0}
    - target: {fileID: 100866, guid: 02ded044b8e0963439276550f50be6f9, type: 3}
      propertyPath: m_Layer
      value: 8
      objectReference: {fileID: 0}
    - target: {fileID: 100866, guid: 02ded044b8e0963439276550f50be6f9, type: 3}
      propertyPath: m_IsActive
      value: 0
      objectReference: {fileID: 0}
    - target: {fileID: 100868, guid: 02ded044b8e0963439276550f50be6f9, type: 3}
      propertyPath: m_Layer
      value: 8
      objectReference: {fileID: 0}
    - target: {fileID: 100868, guid: 02ded044b8e0963439276550f50be6f9, type: 3}
      propertyPath: m_IsActive
      value: 0
      objectReference: {fileID: 0}
    - target: {fileID: 100870, guid: 02ded044b8e0963439276550f50be6f9, type: 3}
      propertyPath: m_Layer
      value: 8
      objectReference: {fileID: 0}
    - target: {fileID: 100870, guid: 02ded044b8e0963439276550f50be6f9, type: 3}
      propertyPath: m_IsActive
      value: 0
      objectReference: {fileID: 0}
    - target: {fileID: 100872, guid: 02ded044b8e0963439276550f50be6f9, type: 3}
      propertyPath: m_Layer
      value: 8
      objectReference: {fileID: 0}
    - target: {fileID: 100872, guid: 02ded044b8e0963439276550f50be6f9, type: 3}
      propertyPath: m_IsActive
      value: 0
      objectReference: {fileID: 0}
    - target: {fileID: 100874, guid: 02ded044b8e0963439276550f50be6f9, type: 3}
      propertyPath: m_Layer
      value: 8
      objectReference: {fileID: 0}
    - target: {fileID: 100874, guid: 02ded044b8e0963439276550f50be6f9, type: 3}
      propertyPath: m_IsActive
      value: 0
      objectReference: {fileID: 0}
    - target: {fileID: 100878, guid: 02ded044b8e0963439276550f50be6f9, type: 3}
      propertyPath: m_Layer
      value: 8
      objectReference: {fileID: 0}
    - target: {fileID: 100878, guid: 02ded044b8e0963439276550f50be6f9, type: 3}
      propertyPath: m_IsActive
      value: 0
      objectReference: {fileID: 0}
    - target: {fileID: 100882, guid: 02ded044b8e0963439276550f50be6f9, type: 3}
      propertyPath: m_Layer
      value: 8
      objectReference: {fileID: 0}
    - target: {fileID: 100882, guid: 02ded044b8e0963439276550f50be6f9, type: 3}
      propertyPath: m_IsActive
      value: 0
      objectReference: {fileID: 0}
    - target: {fileID: 100884, guid: 02ded044b8e0963439276550f50be6f9, type: 3}
      propertyPath: m_Layer
      value: 8
      objectReference: {fileID: 0}
    - target: {fileID: 100884, guid: 02ded044b8e0963439276550f50be6f9, type: 3}
      propertyPath: m_IsActive
      value: 0
      objectReference: {fileID: 0}
    - target: {fileID: 100886, guid: 02ded044b8e0963439276550f50be6f9, type: 3}
      propertyPath: m_Layer
      value: 8
      objectReference: {fileID: 0}
    - target: {fileID: 100886, guid: 02ded044b8e0963439276550f50be6f9, type: 3}
      propertyPath: m_IsActive
      value: 0
      objectReference: {fileID: 0}
    - target: {fileID: 100888, guid: 02ded044b8e0963439276550f50be6f9, type: 3}
      propertyPath: m_Layer
      value: 8
      objectReference: {fileID: 0}
    - target: {fileID: 100888, guid: 02ded044b8e0963439276550f50be6f9, type: 3}
      propertyPath: m_IsActive
      value: 0
      objectReference: {fileID: 0}
    - target: {fileID: 100890, guid: 02ded044b8e0963439276550f50be6f9, type: 3}
      propertyPath: m_Layer
      value: 8
      objectReference: {fileID: 0}
    - target: {fileID: 100890, guid: 02ded044b8e0963439276550f50be6f9, type: 3}
      propertyPath: m_IsActive
      value: 0
      objectReference: {fileID: 0}
    - target: {fileID: 100892, guid: 02ded044b8e0963439276550f50be6f9, type: 3}
      propertyPath: m_Layer
      value: 8
      objectReference: {fileID: 0}
    - target: {fileID: 100892, guid: 02ded044b8e0963439276550f50be6f9, type: 3}
      propertyPath: m_IsActive
      value: 0
      objectReference: {fileID: 0}
    - target: {fileID: 100894, guid: 02ded044b8e0963439276550f50be6f9, type: 3}
      propertyPath: m_Layer
      value: 8
      objectReference: {fileID: 0}
    - target: {fileID: 100894, guid: 02ded044b8e0963439276550f50be6f9, type: 3}
      propertyPath: m_IsActive
      value: 0
      objectReference: {fileID: 0}
    - target: {fileID: 100896, guid: 02ded044b8e0963439276550f50be6f9, type: 3}
      propertyPath: m_Layer
      value: 8
      objectReference: {fileID: 0}
    - target: {fileID: 100896, guid: 02ded044b8e0963439276550f50be6f9, type: 3}
      propertyPath: m_IsActive
      value: 0
      objectReference: {fileID: 0}
    - target: {fileID: 100898, guid: 02ded044b8e0963439276550f50be6f9, type: 3}
      propertyPath: m_Layer
      value: 8
      objectReference: {fileID: 0}
    - target: {fileID: 100898, guid: 02ded044b8e0963439276550f50be6f9, type: 3}
      propertyPath: m_IsActive
      value: 0
      objectReference: {fileID: 0}
    - target: {fileID: 100900, guid: 02ded044b8e0963439276550f50be6f9, type: 3}
      propertyPath: m_Layer
      value: 8
      objectReference: {fileID: 0}
    - target: {fileID: 100900, guid: 02ded044b8e0963439276550f50be6f9, type: 3}
      propertyPath: m_IsActive
      value: 0
      objectReference: {fileID: 0}
    - target: {fileID: 100902, guid: 02ded044b8e0963439276550f50be6f9, type: 3}
      propertyPath: m_Layer
      value: 8
      objectReference: {fileID: 0}
    - target: {fileID: 100902, guid: 02ded044b8e0963439276550f50be6f9, type: 3}
      propertyPath: m_IsActive
      value: 0
      objectReference: {fileID: 0}
    - target: {fileID: 100904, guid: 02ded044b8e0963439276550f50be6f9, type: 3}
      propertyPath: m_Layer
      value: 8
      objectReference: {fileID: 0}
    - target: {fileID: 100904, guid: 02ded044b8e0963439276550f50be6f9, type: 3}
      propertyPath: m_IsActive
      value: 0
      objectReference: {fileID: 0}
    - target: {fileID: 100906, guid: 02ded044b8e0963439276550f50be6f9, type: 3}
      propertyPath: m_Layer
      value: 8
      objectReference: {fileID: 0}
    - target: {fileID: 100906, guid: 02ded044b8e0963439276550f50be6f9, type: 3}
      propertyPath: m_IsActive
      value: 0
      objectReference: {fileID: 0}
    - target: {fileID: 100908, guid: 02ded044b8e0963439276550f50be6f9, type: 3}
      propertyPath: m_Layer
      value: 8
      objectReference: {fileID: 0}
    - target: {fileID: 100908, guid: 02ded044b8e0963439276550f50be6f9, type: 3}
      propertyPath: m_IsActive
      value: 0
      objectReference: {fileID: 0}
    - target: {fileID: 100910, guid: 02ded044b8e0963439276550f50be6f9, type: 3}
      propertyPath: m_Layer
      value: 8
      objectReference: {fileID: 0}
    - target: {fileID: 100910, guid: 02ded044b8e0963439276550f50be6f9, type: 3}
      propertyPath: m_IsActive
      value: 0
      objectReference: {fileID: 0}
    - target: {fileID: 100912, guid: 02ded044b8e0963439276550f50be6f9, type: 3}
      propertyPath: m_Layer
      value: 8
      objectReference: {fileID: 0}
    - target: {fileID: 100912, guid: 02ded044b8e0963439276550f50be6f9, type: 3}
      propertyPath: m_IsActive
      value: 0
      objectReference: {fileID: 0}
    - target: {fileID: 100914, guid: 02ded044b8e0963439276550f50be6f9, type: 3}
      propertyPath: m_Layer
      value: 8
      objectReference: {fileID: 0}
    - target: {fileID: 100914, guid: 02ded044b8e0963439276550f50be6f9, type: 3}
      propertyPath: m_IsActive
      value: 0
      objectReference: {fileID: 0}
    - target: {fileID: 100916, guid: 02ded044b8e0963439276550f50be6f9, type: 3}
      propertyPath: m_Layer
      value: 8
      objectReference: {fileID: 0}
    - target: {fileID: 100916, guid: 02ded044b8e0963439276550f50be6f9, type: 3}
      propertyPath: m_IsActive
      value: 0
      objectReference: {fileID: 0}
    - target: {fileID: 100918, guid: 02ded044b8e0963439276550f50be6f9, type: 3}
      propertyPath: m_Layer
      value: 8
      objectReference: {fileID: 0}
    - target: {fileID: 100918, guid: 02ded044b8e0963439276550f50be6f9, type: 3}
      propertyPath: m_IsActive
      value: 0
      objectReference: {fileID: 0}
    - target: {fileID: 100920, guid: 02ded044b8e0963439276550f50be6f9, type: 3}
      propertyPath: m_Layer
      value: 8
      objectReference: {fileID: 0}
    - target: {fileID: 100920, guid: 02ded044b8e0963439276550f50be6f9, type: 3}
      propertyPath: m_IsActive
      value: 0
      objectReference: {fileID: 0}
    - target: {fileID: 100922, guid: 02ded044b8e0963439276550f50be6f9, type: 3}
      propertyPath: m_Layer
      value: 8
      objectReference: {fileID: 0}
    - target: {fileID: 100922, guid: 02ded044b8e0963439276550f50be6f9, type: 3}
      propertyPath: m_IsActive
      value: 0
      objectReference: {fileID: 0}
    - target: {fileID: 100924, guid: 02ded044b8e0963439276550f50be6f9, type: 3}
      propertyPath: m_Layer
      value: 8
      objectReference: {fileID: 0}
    - target: {fileID: 100924, guid: 02ded044b8e0963439276550f50be6f9, type: 3}
      propertyPath: m_IsActive
      value: 0
      objectReference: {fileID: 0}
    - target: {fileID: 100926, guid: 02ded044b8e0963439276550f50be6f9, type: 3}
      propertyPath: m_Layer
      value: 8
      objectReference: {fileID: 0}
    - target: {fileID: 100926, guid: 02ded044b8e0963439276550f50be6f9, type: 3}
      propertyPath: m_IsActive
      value: 0
      objectReference: {fileID: 0}
    - target: {fileID: 100928, guid: 02ded044b8e0963439276550f50be6f9, type: 3}
      propertyPath: m_Layer
      value: 8
      objectReference: {fileID: 0}
    - target: {fileID: 100928, guid: 02ded044b8e0963439276550f50be6f9, type: 3}
      propertyPath: m_IsActive
      value: 0
      objectReference: {fileID: 0}
    - target: {fileID: 100930, guid: 02ded044b8e0963439276550f50be6f9, type: 3}
      propertyPath: m_Layer
      value: 8
      objectReference: {fileID: 0}
    - target: {fileID: 100930, guid: 02ded044b8e0963439276550f50be6f9, type: 3}
      propertyPath: m_IsActive
      value: 0
      objectReference: {fileID: 0}
    - target: {fileID: 100932, guid: 02ded044b8e0963439276550f50be6f9, type: 3}
      propertyPath: m_Layer
      value: 8
      objectReference: {fileID: 0}
    - target: {fileID: 100932, guid: 02ded044b8e0963439276550f50be6f9, type: 3}
      propertyPath: m_IsActive
      value: 0
      objectReference: {fileID: 0}
    - target: {fileID: 100934, guid: 02ded044b8e0963439276550f50be6f9, type: 3}
      propertyPath: m_Layer
      value: 8
      objectReference: {fileID: 0}
    - target: {fileID: 100934, guid: 02ded044b8e0963439276550f50be6f9, type: 3}
      propertyPath: m_IsActive
      value: 0
      objectReference: {fileID: 0}
    - target: {fileID: 100936, guid: 02ded044b8e0963439276550f50be6f9, type: 3}
      propertyPath: m_Layer
      value: 8
      objectReference: {fileID: 0}
    - target: {fileID: 100936, guid: 02ded044b8e0963439276550f50be6f9, type: 3}
      propertyPath: m_IsActive
      value: 0
      objectReference: {fileID: 0}
    - target: {fileID: 100938, guid: 02ded044b8e0963439276550f50be6f9, type: 3}
      propertyPath: m_Layer
      value: 8
      objectReference: {fileID: 0}
    - target: {fileID: 100938, guid: 02ded044b8e0963439276550f50be6f9, type: 3}
      propertyPath: m_IsActive
      value: 0
      objectReference: {fileID: 0}
    - target: {fileID: 100940, guid: 02ded044b8e0963439276550f50be6f9, type: 3}
      propertyPath: m_Layer
      value: 8
      objectReference: {fileID: 0}
    - target: {fileID: 100940, guid: 02ded044b8e0963439276550f50be6f9, type: 3}
      propertyPath: m_IsActive
      value: 0
      objectReference: {fileID: 0}
    - target: {fileID: 100942, guid: 02ded044b8e0963439276550f50be6f9, type: 3}
      propertyPath: m_Layer
      value: 8
      objectReference: {fileID: 0}
    - target: {fileID: 100942, guid: 02ded044b8e0963439276550f50be6f9, type: 3}
      propertyPath: m_IsActive
      value: 0
      objectReference: {fileID: 0}
    - target: {fileID: 100944, guid: 02ded044b8e0963439276550f50be6f9, type: 3}
      propertyPath: m_Layer
      value: 8
      objectReference: {fileID: 0}
    - target: {fileID: 100944, guid: 02ded044b8e0963439276550f50be6f9, type: 3}
      propertyPath: m_IsActive
      value: 0
      objectReference: {fileID: 0}
    - target: {fileID: 100946, guid: 02ded044b8e0963439276550f50be6f9, type: 3}
      propertyPath: m_Layer
      value: 8
      objectReference: {fileID: 0}
    - target: {fileID: 100946, guid: 02ded044b8e0963439276550f50be6f9, type: 3}
      propertyPath: m_IsActive
      value: 0
      objectReference: {fileID: 0}
    - target: {fileID: 100948, guid: 02ded044b8e0963439276550f50be6f9, type: 3}
      propertyPath: m_Layer
      value: 8
      objectReference: {fileID: 0}
    - target: {fileID: 100948, guid: 02ded044b8e0963439276550f50be6f9, type: 3}
      propertyPath: m_IsActive
      value: 0
      objectReference: {fileID: 0}
    - target: {fileID: 100950, guid: 02ded044b8e0963439276550f50be6f9, type: 3}
      propertyPath: m_Layer
      value: 8
      objectReference: {fileID: 0}
    - target: {fileID: 100950, guid: 02ded044b8e0963439276550f50be6f9, type: 3}
      propertyPath: m_IsActive
      value: 0
      objectReference: {fileID: 0}
    - target: {fileID: 100952, guid: 02ded044b8e0963439276550f50be6f9, type: 3}
      propertyPath: m_Layer
      value: 8
      objectReference: {fileID: 0}
    - target: {fileID: 100952, guid: 02ded044b8e0963439276550f50be6f9, type: 3}
      propertyPath: m_IsActive
      value: 1
      objectReference: {fileID: 0}
    - target: {fileID: 100954, guid: 02ded044b8e0963439276550f50be6f9, type: 3}
      propertyPath: m_Layer
      value: 8
      objectReference: {fileID: 0}
    - target: {fileID: 100954, guid: 02ded044b8e0963439276550f50be6f9, type: 3}
      propertyPath: m_IsActive
      value: 0
      objectReference: {fileID: 0}
    - target: {fileID: 100956, guid: 02ded044b8e0963439276550f50be6f9, type: 3}
      propertyPath: m_Layer
      value: 8
      objectReference: {fileID: 0}
    - target: {fileID: 100956, guid: 02ded044b8e0963439276550f50be6f9, type: 3}
      propertyPath: m_IsActive
      value: 0
      objectReference: {fileID: 0}
    - target: {fileID: 100958, guid: 02ded044b8e0963439276550f50be6f9, type: 3}
      propertyPath: m_Layer
      value: 8
      objectReference: {fileID: 0}
    - target: {fileID: 100958, guid: 02ded044b8e0963439276550f50be6f9, type: 3}
      propertyPath: m_IsActive
      value: 0
      objectReference: {fileID: 0}
    - target: {fileID: 100960, guid: 02ded044b8e0963439276550f50be6f9, type: 3}
      propertyPath: m_Layer
      value: 8
      objectReference: {fileID: 0}
    - target: {fileID: 100960, guid: 02ded044b8e0963439276550f50be6f9, type: 3}
      propertyPath: m_IsActive
      value: 0
      objectReference: {fileID: 0}
    - target: {fileID: 100962, guid: 02ded044b8e0963439276550f50be6f9, type: 3}
      propertyPath: m_Layer
      value: 8
      objectReference: {fileID: 0}
    - target: {fileID: 100962, guid: 02ded044b8e0963439276550f50be6f9, type: 3}
      propertyPath: m_IsActive
      value: 0
      objectReference: {fileID: 0}
    - target: {fileID: 100964, guid: 02ded044b8e0963439276550f50be6f9, type: 3}
      propertyPath: m_Layer
      value: 8
      objectReference: {fileID: 0}
    - target: {fileID: 100964, guid: 02ded044b8e0963439276550f50be6f9, type: 3}
      propertyPath: m_IsActive
      value: 0
      objectReference: {fileID: 0}
    - target: {fileID: 100966, guid: 02ded044b8e0963439276550f50be6f9, type: 3}
      propertyPath: m_Layer
      value: 8
      objectReference: {fileID: 0}
    - target: {fileID: 100966, guid: 02ded044b8e0963439276550f50be6f9, type: 3}
      propertyPath: m_IsActive
      value: 0
      objectReference: {fileID: 0}
    - target: {fileID: 100968, guid: 02ded044b8e0963439276550f50be6f9, type: 3}
      propertyPath: m_Layer
      value: 8
      objectReference: {fileID: 0}
    - target: {fileID: 100968, guid: 02ded044b8e0963439276550f50be6f9, type: 3}
      propertyPath: m_IsActive
      value: 0
      objectReference: {fileID: 0}
    - target: {fileID: 100970, guid: 02ded044b8e0963439276550f50be6f9, type: 3}
      propertyPath: m_Layer
      value: 8
      objectReference: {fileID: 0}
    - target: {fileID: 100970, guid: 02ded044b8e0963439276550f50be6f9, type: 3}
      propertyPath: m_IsActive
      value: 0
      objectReference: {fileID: 0}
    - target: {fileID: 100972, guid: 02ded044b8e0963439276550f50be6f9, type: 3}
      propertyPath: m_Layer
      value: 8
      objectReference: {fileID: 0}
    - target: {fileID: 100972, guid: 02ded044b8e0963439276550f50be6f9, type: 3}
      propertyPath: m_IsActive
      value: 0
      objectReference: {fileID: 0}
    - target: {fileID: 100974, guid: 02ded044b8e0963439276550f50be6f9, type: 3}
      propertyPath: m_Layer
      value: 8
      objectReference: {fileID: 0}
    - target: {fileID: 100974, guid: 02ded044b8e0963439276550f50be6f9, type: 3}
      propertyPath: m_IsActive
      value: 0
      objectReference: {fileID: 0}
    - target: {fileID: 100976, guid: 02ded044b8e0963439276550f50be6f9, type: 3}
      propertyPath: m_Layer
      value: 8
      objectReference: {fileID: 0}
    - target: {fileID: 100976, guid: 02ded044b8e0963439276550f50be6f9, type: 3}
      propertyPath: m_IsActive
      value: 0
      objectReference: {fileID: 0}
    - target: {fileID: 100978, guid: 02ded044b8e0963439276550f50be6f9, type: 3}
      propertyPath: m_Layer
      value: 8
      objectReference: {fileID: 0}
    - target: {fileID: 100978, guid: 02ded044b8e0963439276550f50be6f9, type: 3}
      propertyPath: m_IsActive
      value: 0
      objectReference: {fileID: 0}
    - target: {fileID: 100980, guid: 02ded044b8e0963439276550f50be6f9, type: 3}
      propertyPath: m_Layer
      value: 8
      objectReference: {fileID: 0}
    - target: {fileID: 100980, guid: 02ded044b8e0963439276550f50be6f9, type: 3}
      propertyPath: m_IsActive
      value: 0
      objectReference: {fileID: 0}
    - target: {fileID: 100982, guid: 02ded044b8e0963439276550f50be6f9, type: 3}
      propertyPath: m_Layer
      value: 8
      objectReference: {fileID: 0}
    - target: {fileID: 100982, guid: 02ded044b8e0963439276550f50be6f9, type: 3}
      propertyPath: m_IsActive
      value: 0
      objectReference: {fileID: 0}
    - target: {fileID: 100984, guid: 02ded044b8e0963439276550f50be6f9, type: 3}
      propertyPath: m_Layer
      value: 8
      objectReference: {fileID: 0}
    - target: {fileID: 100984, guid: 02ded044b8e0963439276550f50be6f9, type: 3}
      propertyPath: m_IsActive
      value: 0
      objectReference: {fileID: 0}
    - target: {fileID: 100986, guid: 02ded044b8e0963439276550f50be6f9, type: 3}
      propertyPath: m_Layer
      value: 8
      objectReference: {fileID: 0}
    - target: {fileID: 100986, guid: 02ded044b8e0963439276550f50be6f9, type: 3}
      propertyPath: m_IsActive
      value: 0
      objectReference: {fileID: 0}
    - target: {fileID: 100988, guid: 02ded044b8e0963439276550f50be6f9, type: 3}
      propertyPath: m_Layer
      value: 8
      objectReference: {fileID: 0}
    - target: {fileID: 100988, guid: 02ded044b8e0963439276550f50be6f9, type: 3}
      propertyPath: m_IsActive
      value: 0
      objectReference: {fileID: 0}
    - target: {fileID: 100990, guid: 02ded044b8e0963439276550f50be6f9, type: 3}
      propertyPath: m_Layer
      value: 8
      objectReference: {fileID: 0}
    - target: {fileID: 100990, guid: 02ded044b8e0963439276550f50be6f9, type: 3}
      propertyPath: m_IsActive
      value: 0
      objectReference: {fileID: 0}
    - target: {fileID: 100992, guid: 02ded044b8e0963439276550f50be6f9, type: 3}
      propertyPath: m_Layer
      value: 8
      objectReference: {fileID: 0}
    - target: {fileID: 100992, guid: 02ded044b8e0963439276550f50be6f9, type: 3}
      propertyPath: m_IsActive
      value: 0
      objectReference: {fileID: 0}
    - target: {fileID: 100994, guid: 02ded044b8e0963439276550f50be6f9, type: 3}
      propertyPath: m_Layer
      value: 8
      objectReference: {fileID: 0}
    - target: {fileID: 100994, guid: 02ded044b8e0963439276550f50be6f9, type: 3}
      propertyPath: m_IsActive
      value: 0
      objectReference: {fileID: 0}
    - target: {fileID: 100996, guid: 02ded044b8e0963439276550f50be6f9, type: 3}
      propertyPath: m_Layer
      value: 8
      objectReference: {fileID: 0}
    - target: {fileID: 100996, guid: 02ded044b8e0963439276550f50be6f9, type: 3}
      propertyPath: m_IsActive
      value: 0
      objectReference: {fileID: 0}
    - target: {fileID: 100998, guid: 02ded044b8e0963439276550f50be6f9, type: 3}
      propertyPath: m_Layer
      value: 8
      objectReference: {fileID: 0}
    - target: {fileID: 100998, guid: 02ded044b8e0963439276550f50be6f9, type: 3}
      propertyPath: m_IsActive
      value: 0
      objectReference: {fileID: 0}
    - target: {fileID: 101000, guid: 02ded044b8e0963439276550f50be6f9, type: 3}
      propertyPath: m_Layer
      value: 8
      objectReference: {fileID: 0}
    - target: {fileID: 101000, guid: 02ded044b8e0963439276550f50be6f9, type: 3}
      propertyPath: m_IsActive
      value: 0
      objectReference: {fileID: 0}
    - target: {fileID: 101002, guid: 02ded044b8e0963439276550f50be6f9, type: 3}
      propertyPath: m_Layer
      value: 8
      objectReference: {fileID: 0}
    - target: {fileID: 101002, guid: 02ded044b8e0963439276550f50be6f9, type: 3}
      propertyPath: m_IsActive
      value: 0
      objectReference: {fileID: 0}
    - target: {fileID: 101004, guid: 02ded044b8e0963439276550f50be6f9, type: 3}
      propertyPath: m_Layer
      value: 8
      objectReference: {fileID: 0}
    - target: {fileID: 101004, guid: 02ded044b8e0963439276550f50be6f9, type: 3}
      propertyPath: m_IsActive
      value: 0
      objectReference: {fileID: 0}
    - target: {fileID: 101006, guid: 02ded044b8e0963439276550f50be6f9, type: 3}
      propertyPath: m_Layer
      value: 8
      objectReference: {fileID: 0}
    - target: {fileID: 101006, guid: 02ded044b8e0963439276550f50be6f9, type: 3}
      propertyPath: m_IsActive
      value: 0
      objectReference: {fileID: 0}
    - target: {fileID: 101008, guid: 02ded044b8e0963439276550f50be6f9, type: 3}
      propertyPath: m_Layer
      value: 8
      objectReference: {fileID: 0}
    - target: {fileID: 101008, guid: 02ded044b8e0963439276550f50be6f9, type: 3}
      propertyPath: m_IsActive
      value: 0
      objectReference: {fileID: 0}
    - target: {fileID: 101010, guid: 02ded044b8e0963439276550f50be6f9, type: 3}
      propertyPath: m_Layer
      value: 8
      objectReference: {fileID: 0}
    - target: {fileID: 101010, guid: 02ded044b8e0963439276550f50be6f9, type: 3}
      propertyPath: m_IsActive
      value: 0
      objectReference: {fileID: 0}
    - target: {fileID: 101012, guid: 02ded044b8e0963439276550f50be6f9, type: 3}
      propertyPath: m_Layer
      value: 8
      objectReference: {fileID: 0}
    - target: {fileID: 101012, guid: 02ded044b8e0963439276550f50be6f9, type: 3}
      propertyPath: m_IsActive
      value: 0
      objectReference: {fileID: 0}
    - target: {fileID: 101014, guid: 02ded044b8e0963439276550f50be6f9, type: 3}
      propertyPath: m_Layer
      value: 8
      objectReference: {fileID: 0}
    - target: {fileID: 101014, guid: 02ded044b8e0963439276550f50be6f9, type: 3}
      propertyPath: m_IsActive
      value: 0
      objectReference: {fileID: 0}
    - target: {fileID: 101016, guid: 02ded044b8e0963439276550f50be6f9, type: 3}
      propertyPath: m_Layer
      value: 8
      objectReference: {fileID: 0}
    - target: {fileID: 101016, guid: 02ded044b8e0963439276550f50be6f9, type: 3}
      propertyPath: m_IsActive
      value: 0
      objectReference: {fileID: 0}
    - target: {fileID: 101018, guid: 02ded044b8e0963439276550f50be6f9, type: 3}
      propertyPath: m_Layer
      value: 8
      objectReference: {fileID: 0}
    - target: {fileID: 101018, guid: 02ded044b8e0963439276550f50be6f9, type: 3}
      propertyPath: m_IsActive
      value: 0
      objectReference: {fileID: 0}
    - target: {fileID: 101020, guid: 02ded044b8e0963439276550f50be6f9, type: 3}
      propertyPath: m_Layer
      value: 8
      objectReference: {fileID: 0}
    - target: {fileID: 101020, guid: 02ded044b8e0963439276550f50be6f9, type: 3}
      propertyPath: m_IsActive
      value: 0
      objectReference: {fileID: 0}
    - target: {fileID: 101022, guid: 02ded044b8e0963439276550f50be6f9, type: 3}
      propertyPath: m_Layer
      value: 8
      objectReference: {fileID: 0}
    - target: {fileID: 101022, guid: 02ded044b8e0963439276550f50be6f9, type: 3}
      propertyPath: m_IsActive
      value: 0
      objectReference: {fileID: 0}
    - target: {fileID: 101024, guid: 02ded044b8e0963439276550f50be6f9, type: 3}
      propertyPath: m_Layer
      value: 8
      objectReference: {fileID: 0}
    - target: {fileID: 101024, guid: 02ded044b8e0963439276550f50be6f9, type: 3}
      propertyPath: m_IsActive
      value: 0
      objectReference: {fileID: 0}
    - target: {fileID: 101026, guid: 02ded044b8e0963439276550f50be6f9, type: 3}
      propertyPath: m_Layer
      value: 8
      objectReference: {fileID: 0}
    - target: {fileID: 101026, guid: 02ded044b8e0963439276550f50be6f9, type: 3}
      propertyPath: m_IsActive
      value: 0
      objectReference: {fileID: 0}
    - target: {fileID: 101028, guid: 02ded044b8e0963439276550f50be6f9, type: 3}
      propertyPath: m_Layer
      value: 8
      objectReference: {fileID: 0}
    - target: {fileID: 101028, guid: 02ded044b8e0963439276550f50be6f9, type: 3}
      propertyPath: m_IsActive
      value: 0
      objectReference: {fileID: 0}
    - target: {fileID: 101030, guid: 02ded044b8e0963439276550f50be6f9, type: 3}
      propertyPath: m_Layer
      value: 8
      objectReference: {fileID: 0}
    - target: {fileID: 101030, guid: 02ded044b8e0963439276550f50be6f9, type: 3}
      propertyPath: m_IsActive
      value: 0
      objectReference: {fileID: 0}
    - target: {fileID: 101032, guid: 02ded044b8e0963439276550f50be6f9, type: 3}
      propertyPath: m_Layer
      value: 8
      objectReference: {fileID: 0}
    - target: {fileID: 101032, guid: 02ded044b8e0963439276550f50be6f9, type: 3}
      propertyPath: m_IsActive
      value: 0
      objectReference: {fileID: 0}
    - target: {fileID: 101034, guid: 02ded044b8e0963439276550f50be6f9, type: 3}
      propertyPath: m_Layer
      value: 8
      objectReference: {fileID: 0}
    - target: {fileID: 101034, guid: 02ded044b8e0963439276550f50be6f9, type: 3}
      propertyPath: m_IsActive
      value: 0
      objectReference: {fileID: 0}
    - target: {fileID: 101036, guid: 02ded044b8e0963439276550f50be6f9, type: 3}
      propertyPath: m_Layer
      value: 8
      objectReference: {fileID: 0}
    - target: {fileID: 101036, guid: 02ded044b8e0963439276550f50be6f9, type: 3}
      propertyPath: m_IsActive
      value: 0
      objectReference: {fileID: 0}
    - target: {fileID: 101038, guid: 02ded044b8e0963439276550f50be6f9, type: 3}
      propertyPath: m_Layer
      value: 8
      objectReference: {fileID: 0}
    - target: {fileID: 101038, guid: 02ded044b8e0963439276550f50be6f9, type: 3}
      propertyPath: m_IsActive
      value: 0
      objectReference: {fileID: 0}
    - target: {fileID: 101040, guid: 02ded044b8e0963439276550f50be6f9, type: 3}
      propertyPath: m_Layer
      value: 8
      objectReference: {fileID: 0}
    - target: {fileID: 101040, guid: 02ded044b8e0963439276550f50be6f9, type: 3}
      propertyPath: m_IsActive
      value: 0
      objectReference: {fileID: 0}
    - target: {fileID: 101042, guid: 02ded044b8e0963439276550f50be6f9, type: 3}
      propertyPath: m_Layer
      value: 8
      objectReference: {fileID: 0}
    - target: {fileID: 101042, guid: 02ded044b8e0963439276550f50be6f9, type: 3}
      propertyPath: m_IsActive
      value: 0
      objectReference: {fileID: 0}
    - target: {fileID: 101044, guid: 02ded044b8e0963439276550f50be6f9, type: 3}
      propertyPath: m_Layer
      value: 8
      objectReference: {fileID: 0}
    - target: {fileID: 101044, guid: 02ded044b8e0963439276550f50be6f9, type: 3}
      propertyPath: m_IsActive
      value: 0
      objectReference: {fileID: 0}
    - target: {fileID: 101046, guid: 02ded044b8e0963439276550f50be6f9, type: 3}
      propertyPath: m_Layer
      value: 8
      objectReference: {fileID: 0}
    - target: {fileID: 101046, guid: 02ded044b8e0963439276550f50be6f9, type: 3}
      propertyPath: m_IsActive
      value: 0
      objectReference: {fileID: 0}
    - target: {fileID: 101048, guid: 02ded044b8e0963439276550f50be6f9, type: 3}
      propertyPath: m_Layer
      value: 8
      objectReference: {fileID: 0}
    - target: {fileID: 101048, guid: 02ded044b8e0963439276550f50be6f9, type: 3}
      propertyPath: m_IsActive
      value: 0
      objectReference: {fileID: 0}
    - target: {fileID: 101050, guid: 02ded044b8e0963439276550f50be6f9, type: 3}
      propertyPath: m_Layer
      value: 8
      objectReference: {fileID: 0}
    - target: {fileID: 101050, guid: 02ded044b8e0963439276550f50be6f9, type: 3}
      propertyPath: m_IsActive
      value: 0
      objectReference: {fileID: 0}
    - target: {fileID: 101052, guid: 02ded044b8e0963439276550f50be6f9, type: 3}
      propertyPath: m_Layer
      value: 8
      objectReference: {fileID: 0}
    - target: {fileID: 101052, guid: 02ded044b8e0963439276550f50be6f9, type: 3}
      propertyPath: m_IsActive
      value: 0
      objectReference: {fileID: 0}
    - target: {fileID: 101054, guid: 02ded044b8e0963439276550f50be6f9, type: 3}
      propertyPath: m_Layer
      value: 8
      objectReference: {fileID: 0}
    - target: {fileID: 101054, guid: 02ded044b8e0963439276550f50be6f9, type: 3}
      propertyPath: m_IsActive
      value: 0
      objectReference: {fileID: 0}
    - target: {fileID: 101056, guid: 02ded044b8e0963439276550f50be6f9, type: 3}
      propertyPath: m_Layer
      value: 8
      objectReference: {fileID: 0}
    - target: {fileID: 101056, guid: 02ded044b8e0963439276550f50be6f9, type: 3}
      propertyPath: m_IsActive
      value: 0
      objectReference: {fileID: 0}
    - target: {fileID: 101058, guid: 02ded044b8e0963439276550f50be6f9, type: 3}
      propertyPath: m_Layer
      value: 8
      objectReference: {fileID: 0}
    - target: {fileID: 101058, guid: 02ded044b8e0963439276550f50be6f9, type: 3}
      propertyPath: m_IsActive
      value: 0
      objectReference: {fileID: 0}
    - target: {fileID: 101060, guid: 02ded044b8e0963439276550f50be6f9, type: 3}
      propertyPath: m_Layer
      value: 8
      objectReference: {fileID: 0}
    - target: {fileID: 101060, guid: 02ded044b8e0963439276550f50be6f9, type: 3}
      propertyPath: m_IsActive
      value: 0
      objectReference: {fileID: 0}
    - target: {fileID: 101062, guid: 02ded044b8e0963439276550f50be6f9, type: 3}
      propertyPath: m_Layer
      value: 8
      objectReference: {fileID: 0}
    - target: {fileID: 101062, guid: 02ded044b8e0963439276550f50be6f9, type: 3}
      propertyPath: m_IsActive
      value: 0
      objectReference: {fileID: 0}
    - target: {fileID: 101064, guid: 02ded044b8e0963439276550f50be6f9, type: 3}
      propertyPath: m_Layer
      value: 8
      objectReference: {fileID: 0}
    - target: {fileID: 101064, guid: 02ded044b8e0963439276550f50be6f9, type: 3}
      propertyPath: m_IsActive
      value: 0
      objectReference: {fileID: 0}
    - target: {fileID: 101066, guid: 02ded044b8e0963439276550f50be6f9, type: 3}
      propertyPath: m_Layer
      value: 8
      objectReference: {fileID: 0}
    - target: {fileID: 101066, guid: 02ded044b8e0963439276550f50be6f9, type: 3}
      propertyPath: m_IsActive
      value: 0
      objectReference: {fileID: 0}
    - target: {fileID: 101068, guid: 02ded044b8e0963439276550f50be6f9, type: 3}
      propertyPath: m_Layer
      value: 8
      objectReference: {fileID: 0}
    - target: {fileID: 101068, guid: 02ded044b8e0963439276550f50be6f9, type: 3}
      propertyPath: m_IsActive
      value: 0
      objectReference: {fileID: 0}
    - target: {fileID: 101070, guid: 02ded044b8e0963439276550f50be6f9, type: 3}
      propertyPath: m_Layer
      value: 8
      objectReference: {fileID: 0}
    - target: {fileID: 101070, guid: 02ded044b8e0963439276550f50be6f9, type: 3}
      propertyPath: m_IsActive
      value: 0
      objectReference: {fileID: 0}
    - target: {fileID: 101072, guid: 02ded044b8e0963439276550f50be6f9, type: 3}
      propertyPath: m_Layer
      value: 8
      objectReference: {fileID: 0}
    - target: {fileID: 101072, guid: 02ded044b8e0963439276550f50be6f9, type: 3}
      propertyPath: m_IsActive
      value: 0
      objectReference: {fileID: 0}
    - target: {fileID: 101074, guid: 02ded044b8e0963439276550f50be6f9, type: 3}
      propertyPath: m_Layer
      value: 8
      objectReference: {fileID: 0}
    - target: {fileID: 101074, guid: 02ded044b8e0963439276550f50be6f9, type: 3}
      propertyPath: m_IsActive
      value: 0
      objectReference: {fileID: 0}
    - target: {fileID: 101076, guid: 02ded044b8e0963439276550f50be6f9, type: 3}
      propertyPath: m_Layer
      value: 8
      objectReference: {fileID: 0}
    - target: {fileID: 101076, guid: 02ded044b8e0963439276550f50be6f9, type: 3}
      propertyPath: m_IsActive
      value: 0
      objectReference: {fileID: 0}
    - target: {fileID: 101078, guid: 02ded044b8e0963439276550f50be6f9, type: 3}
      propertyPath: m_Layer
      value: 8
      objectReference: {fileID: 0}
    - target: {fileID: 101078, guid: 02ded044b8e0963439276550f50be6f9, type: 3}
      propertyPath: m_IsActive
      value: 0
      objectReference: {fileID: 0}
    - target: {fileID: 101080, guid: 02ded044b8e0963439276550f50be6f9, type: 3}
      propertyPath: m_Layer
      value: 8
      objectReference: {fileID: 0}
    - target: {fileID: 101080, guid: 02ded044b8e0963439276550f50be6f9, type: 3}
      propertyPath: m_IsActive
      value: 0
      objectReference: {fileID: 0}
    - target: {fileID: 400166, guid: 02ded044b8e0963439276550f50be6f9, type: 3}
      propertyPath: m_RootOrder
      value: 0
      objectReference: {fileID: 0}
    - target: {fileID: 400166, guid: 02ded044b8e0963439276550f50be6f9, type: 3}
      propertyPath: m_LocalPosition.x
      value: 0
      objectReference: {fileID: 0}
    - target: {fileID: 400166, guid: 02ded044b8e0963439276550f50be6f9, type: 3}
      propertyPath: m_LocalPosition.y
      value: 0
      objectReference: {fileID: 0}
    - target: {fileID: 400166, guid: 02ded044b8e0963439276550f50be6f9, type: 3}
      propertyPath: m_LocalPosition.z
      value: 0
      objectReference: {fileID: 0}
    - target: {fileID: 400166, guid: 02ded044b8e0963439276550f50be6f9, type: 3}
      propertyPath: m_LocalRotation.w
      value: 1
      objectReference: {fileID: 0}
    - target: {fileID: 400166, guid: 02ded044b8e0963439276550f50be6f9, type: 3}
      propertyPath: m_LocalRotation.x
      value: 0
      objectReference: {fileID: 0}
    - target: {fileID: 400166, guid: 02ded044b8e0963439276550f50be6f9, type: 3}
      propertyPath: m_LocalRotation.y
      value: 0
      objectReference: {fileID: 0}
    - target: {fileID: 400166, guid: 02ded044b8e0963439276550f50be6f9, type: 3}
      propertyPath: m_LocalRotation.z
      value: 0
      objectReference: {fileID: 0}
    - target: {fileID: 400166, guid: 02ded044b8e0963439276550f50be6f9, type: 3}
      propertyPath: m_LocalEulerAnglesHint.x
      value: 0
      objectReference: {fileID: 0}
    - target: {fileID: 400166, guid: 02ded044b8e0963439276550f50be6f9, type: 3}
      propertyPath: m_LocalEulerAnglesHint.y
      value: 0
      objectReference: {fileID: 0}
    - target: {fileID: 400166, guid: 02ded044b8e0963439276550f50be6f9, type: 3}
      propertyPath: m_LocalEulerAnglesHint.z
      value: 0
      objectReference: {fileID: 0}
    - target: {fileID: 2300500, guid: 02ded044b8e0963439276550f50be6f9, type: 3}
      propertyPath: m_Materials.Array.data[0]
      value: 
      objectReference: {fileID: 2100000, guid: 792a4bad9e08b8e41bfbd3f0b8aac1ab, type: 2}
    - target: {fileID: 2300590, guid: 02ded044b8e0963439276550f50be6f9, type: 3}
      propertyPath: m_Materials.Array.data[0]
      value: 
      objectReference: {fileID: 2100000, guid: 792a4bad9e08b8e41bfbd3f0b8aac1ab, type: 2}
    - target: {fileID: 9500000, guid: 02ded044b8e0963439276550f50be6f9, type: 3}
      propertyPath: m_Controller
      value: 
      objectReference: {fileID: 9100000, guid: 1093068bae9da0340a4872029e05b8a6, type: 2}
    - target: {fileID: 9500000, guid: 02ded044b8e0963439276550f50be6f9, type: 3}
      propertyPath: m_WarningMessage
      value: "\nBinding warning: Some generic clip(s) animate transforms that are
        already bound by a Humanoid avatar. These transforms can only be changed
        by Humanoid clips.\n\tTransform 'Bip001 Neck'\n\tTransform 'Bip001 Spine'\n\tTransform
        'Bip001'\n\tTransform 'Bip001 Head'\n\tTransform 'Bip001 Neck'\n\tTransform
        'Bip001 Spine'\n\tTransform 'Bip001'\n\tTransform 'Bip001 Head'\n\tTransform
        'Bip001 Pelvis'\n\tTransform 'Bip001 Pelvis'\n\tand more ...\n\tFrom animation
        clip 'cav_staff_05_damage'\n\tFrom animation clip 'cav_staff_07_cast_B'"
      objectReference: {fileID: 0}
    - target: {fileID: 13700230, guid: 02ded044b8e0963439276550f50be6f9, type: 3}
      propertyPath: m_Materials.Array.data[0]
      value: 
      objectReference: {fileID: 2100000, guid: 792a4bad9e08b8e41bfbd3f0b8aac1ab, type: 2}
    - target: {fileID: 254688453104507979, guid: 02ded044b8e0963439276550f50be6f9,
        type: 3}
      propertyPath: m_Layer
      value: 8
      objectReference: {fileID: 0}
    - target: {fileID: 254688453104507979, guid: 02ded044b8e0963439276550f50be6f9,
        type: 3}
      propertyPath: m_IsActive
      value: 0
      objectReference: {fileID: 0}
    - target: {fileID: 493242588929276408, guid: 02ded044b8e0963439276550f50be6f9,
        type: 3}
      propertyPath: m_Layer
      value: 8
      objectReference: {fileID: 0}
    - target: {fileID: 493242588929276408, guid: 02ded044b8e0963439276550f50be6f9,
        type: 3}
      propertyPath: m_IsActive
      value: 0
      objectReference: {fileID: 0}
    - target: {fileID: 2827577169733648739, guid: 02ded044b8e0963439276550f50be6f9,
        type: 3}
      propertyPath: m_Layer
      value: 8
      objectReference: {fileID: 0}
    - target: {fileID: 2827577169733648739, guid: 02ded044b8e0963439276550f50be6f9,
        type: 3}
      propertyPath: m_IsActive
      value: 0
      objectReference: {fileID: 0}
    - target: {fileID: 4065565565216254634, guid: 02ded044b8e0963439276550f50be6f9,
        type: 3}
      propertyPath: m_Layer
      value: 8
      objectReference: {fileID: 0}
    - target: {fileID: 4065565565216254634, guid: 02ded044b8e0963439276550f50be6f9,
        type: 3}
      propertyPath: m_IsActive
      value: 0
      objectReference: {fileID: 0}
    - target: {fileID: 4111947575065229403, guid: 02ded044b8e0963439276550f50be6f9,
        type: 3}
      propertyPath: m_LocalEulerAnglesHint.x
      value: -9.625024
      objectReference: {fileID: 0}
    - target: {fileID: 4111947575065229403, guid: 02ded044b8e0963439276550f50be6f9,
        type: 3}
      propertyPath: m_LocalEulerAnglesHint.y
      value: 3.9403472
      objectReference: {fileID: 0}
    - target: {fileID: 4111947575065229403, guid: 02ded044b8e0963439276550f50be6f9,
        type: 3}
      propertyPath: m_LocalEulerAnglesHint.z
      value: 179.90488
      objectReference: {fileID: 0}
    - target: {fileID: 4129731218311841210, guid: 02ded044b8e0963439276550f50be6f9,
        type: 3}
      propertyPath: m_Layer
      value: 8
      objectReference: {fileID: 0}
    - target: {fileID: 4129731218311841210, guid: 02ded044b8e0963439276550f50be6f9,
        type: 3}
      propertyPath: m_IsActive
      value: 0
      objectReference: {fileID: 0}
    - target: {fileID: 4560565292768195564, guid: 02ded044b8e0963439276550f50be6f9,
        type: 3}
      propertyPath: m_Layer
      value: 8
      objectReference: {fileID: 0}
    - target: {fileID: 4560565292768195564, guid: 02ded044b8e0963439276550f50be6f9,
        type: 3}
      propertyPath: m_IsActive
      value: 0
      objectReference: {fileID: 0}
    - target: {fileID: 5363181678105063198, guid: 02ded044b8e0963439276550f50be6f9,
        type: 3}
      propertyPath: m_Layer
      value: 8
      objectReference: {fileID: 0}
    - target: {fileID: 5363181678105063198, guid: 02ded044b8e0963439276550f50be6f9,
        type: 3}
      propertyPath: m_IsActive
      value: 0
      objectReference: {fileID: 0}
    - target: {fileID: 9168725559846656481, guid: 02ded044b8e0963439276550f50be6f9,
        type: 3}
      propertyPath: m_Layer
      value: 8
      objectReference: {fileID: 0}
    - target: {fileID: 9168725559846656481, guid: 02ded044b8e0963439276550f50be6f9,
        type: 3}
      propertyPath: m_IsActive
      value: 0
      objectReference: {fileID: 0}
    m_RemovedComponents: []
  m_SourcePrefab: {fileID: 100100000, guid: 02ded044b8e0963439276550f50be6f9, type: 3}
--- !u!1 &1399786705951996222 stripped
GameObject:
  m_CorrespondingSourceObject: {fileID: 100166, guid: 02ded044b8e0963439276550f50be6f9,
    type: 3}
  m_PrefabInstance: {fileID: 1399786705951964792}
  m_PrefabAsset: {fileID: 0}
--- !u!4 &1399786705951827294 stripped
Transform:
  m_CorrespondingSourceObject: {fileID: 400166, guid: 02ded044b8e0963439276550f50be6f9,
    type: 3}
  m_PrefabInstance: {fileID: 1399786705951964792}
  m_PrefabAsset: {fileID: 0}
--- !u!95 &1399786705942498072 stripped
Animator:
  m_CorrespondingSourceObject: {fileID: 9500000, guid: 02ded044b8e0963439276550f50be6f9,
    type: 3}
  m_PrefabInstance: {fileID: 1399786705951964792}
  m_PrefabAsset: {fileID: 0}
--- !u!1001 &5551406451289960221
PrefabInstance:
  m_ObjectHideFlags: 0
  serializedVersion: 2
  m_Modification:
    m_TransformParent: {fileID: 4618478964130208647}
    m_Modifications:
    - target: {fileID: 1247184937193735899, guid: 604db2ff732897449884ed9340f7ccf5,
        type: 3}
      propertyPath: m_RootOrder
      value: 1
      objectReference: {fileID: 0}
    - target: {fileID: 1247184937193735899, guid: 604db2ff732897449884ed9340f7ccf5,
        type: 3}
      propertyPath: m_LocalPosition.x
      value: -0
      objectReference: {fileID: 0}
    - target: {fileID: 1247184937193735899, guid: 604db2ff732897449884ed9340f7ccf5,
        type: 3}
      propertyPath: m_LocalPosition.y
      value: -0.039
      objectReference: {fileID: 0}
    - target: {fileID: 1247184937193735899, guid: 604db2ff732897449884ed9340f7ccf5,
        type: 3}
      propertyPath: m_LocalPosition.z
      value: 0
      objectReference: {fileID: 0}
    - target: {fileID: 1247184937193735899, guid: 604db2ff732897449884ed9340f7ccf5,
        type: 3}
      propertyPath: m_LocalRotation.w
      value: 1
      objectReference: {fileID: 0}
    - target: {fileID: 1247184937193735899, guid: 604db2ff732897449884ed9340f7ccf5,
        type: 3}
      propertyPath: m_LocalRotation.x
      value: 0
      objectReference: {fileID: 0}
    - target: {fileID: 1247184937193735899, guid: 604db2ff732897449884ed9340f7ccf5,
        type: 3}
      propertyPath: m_LocalRotation.y
      value: 0
      objectReference: {fileID: 0}
    - target: {fileID: 1247184937193735899, guid: 604db2ff732897449884ed9340f7ccf5,
        type: 3}
      propertyPath: m_LocalRotation.z
      value: 0
      objectReference: {fileID: 0}
    - target: {fileID: 1247184937193735899, guid: 604db2ff732897449884ed9340f7ccf5,
        type: 3}
      propertyPath: m_LocalEulerAnglesHint.x
      value: 0
      objectReference: {fileID: 0}
    - target: {fileID: 1247184937193735899, guid: 604db2ff732897449884ed9340f7ccf5,
        type: 3}
      propertyPath: m_LocalEulerAnglesHint.y
      value: 0
      objectReference: {fileID: 0}
    - target: {fileID: 1247184937193735899, guid: 604db2ff732897449884ed9340f7ccf5,
        type: 3}
      propertyPath: m_LocalEulerAnglesHint.z
      value: 0
      objectReference: {fileID: 0}
    - target: {fileID: 9000349472813634569, guid: 604db2ff732897449884ed9340f7ccf5,
        type: 3}
      propertyPath: m_Name
      value: Healthbar
      objectReference: {fileID: 0}
    m_RemovedComponents: []
  m_SourcePrefab: {fileID: 100100000, guid: 604db2ff732897449884ed9340f7ccf5, type: 3}
--- !u!4 &6648556419716327878 stripped
Transform:
  m_CorrespondingSourceObject: {fileID: 1247184937193735899, guid: 604db2ff732897449884ed9340f7ccf5,
    type: 3}
  m_PrefabInstance: {fileID: 5551406451289960221}
  m_PrefabAsset: {fileID: 0}
--- !u!114 &8007377386645824247 stripped
MonoBehaviour:
  m_CorrespondingSourceObject: {fileID: 2455980840236486122, guid: 604db2ff732897449884ed9340f7ccf5,
    type: 3}
  m_PrefabInstance: {fileID: 5551406451289960221}
  m_PrefabAsset: {fileID: 0}
  m_GameObject: {fileID: 0}
  m_Enabled: 1
  m_EditorHideFlags: 0
  m_Script: {fileID: 11500000, guid: 56cdae0be65b4e089f963dcdb7bfbddd, type: 3}
  m_Name: 
  m_EditorClassIdentifier: 
--- !u!1001 &7543774618386518372
PrefabInstance:
  m_ObjectHideFlags: 0
  serializedVersion: 2
  m_Modification:
    m_TransformParent: {fileID: 4618478964130208647}
    m_Modifications:
    - target: {fileID: 1471964095236267439, guid: 786e06e1cac6136419f6d81646224913,
        type: 3}
      propertyPath: m_Name
      value: Indicator
      objectReference: {fileID: 0}
    - target: {fileID: 3008379455834849937, guid: 786e06e1cac6136419f6d81646224913,
        type: 3}
      propertyPath: m_RootOrder
      value: 0
      objectReference: {fileID: 0}
    - target: {fileID: 3008379455834849937, guid: 786e06e1cac6136419f6d81646224913,
        type: 3}
      propertyPath: m_LocalPosition.x
      value: 0
      objectReference: {fileID: 0}
    - target: {fileID: 3008379455834849937, guid: 786e06e1cac6136419f6d81646224913,
        type: 3}
      propertyPath: m_LocalPosition.y
      value: 0.5
      objectReference: {fileID: 0}
    - target: {fileID: 3008379455834849937, guid: 786e06e1cac6136419f6d81646224913,
        type: 3}
      propertyPath: m_LocalPosition.z
      value: 0
      objectReference: {fileID: 0}
    - target: {fileID: 3008379455834849937, guid: 786e06e1cac6136419f6d81646224913,
        type: 3}
      propertyPath: m_LocalRotation.w
      value: 1
      objectReference: {fileID: 0}
    - target: {fileID: 3008379455834849937, guid: 786e06e1cac6136419f6d81646224913,
        type: 3}
      propertyPath: m_LocalRotation.x
      value: -0
      objectReference: {fileID: 0}
    - target: {fileID: 3008379455834849937, guid: 786e06e1cac6136419f6d81646224913,
        type: 3}
      propertyPath: m_LocalRotation.y
      value: -0
      objectReference: {fileID: 0}
    - target: {fileID: 3008379455834849937, guid: 786e06e1cac6136419f6d81646224913,
        type: 3}
      propertyPath: m_LocalRotation.z
      value: -0
      objectReference: {fileID: 0}
    - target: {fileID: 3008379455834849937, guid: 786e06e1cac6136419f6d81646224913,
        type: 3}
      propertyPath: m_LocalEulerAnglesHint.x
      value: 0
      objectReference: {fileID: 0}
    - target: {fileID: 3008379455834849937, guid: 786e06e1cac6136419f6d81646224913,
        type: 3}
      propertyPath: m_LocalEulerAnglesHint.y
      value: 0
      objectReference: {fileID: 0}
    - target: {fileID: 3008379455834849937, guid: 786e06e1cac6136419f6d81646224913,
        type: 3}
      propertyPath: m_LocalEulerAnglesHint.z
      value: 0
      objectReference: {fileID: 0}
    m_RemovedComponents: []
  m_SourcePrefab: {fileID: 100100000, guid: 786e06e1cac6136419f6d81646224913, type: 3}
--- !u!4 &4688025278047835125 stripped
Transform:
  m_CorrespondingSourceObject: {fileID: 3008379455834849937, guid: 786e06e1cac6136419f6d81646224913,
    type: 3}
  m_PrefabInstance: {fileID: 7543774618386518372}
  m_PrefabAsset: {fileID: 0}
